2840 4684
489 499 739 548 ussurusrouu
764 499 851 546 vrrs.
1068 483 1110 547 87

233 663 319 724 men,
334 645 596 710 Americanorum
620 646 794 713 adventum
808 666 873 710 non
892 645 975 731 prius
995 647 1110 710 sentie-

231 760 318 837 bant,
334 779 431 843 quam
446 760 479 823 in
494 781 546 824 eos
561 780 581 822 a
596 760 690 843 copiis
706 758 853 823 colonicis
867 769 1023 823 tormenta
1044 758 1111 822 bel·

232 869 305 949 lica,
324 882 356 934 et
370 873 521 957 cujusque
537 873 659 956 generis
674 893 763 936 arme
785 872 946 955 ignivoma
960 872 1057 935 missu
1078 882 1111 934 et

232 983 367 1068 displosa
381 986 480 1049 fuere.

277 1095 350 1173 llll,¹
365 1107 482 1174 temen,
496 1097 631 1160 nominis
654 1097 828 1160 Britannici
841 1097 1023 1180 virtutisque
1045 1096 1111 1160 bel·

231 1206 300 1271 licoe
310 1209 465 1293 majorum
475 1208 565 1272 haud
575 1210 783 1287 immemores,
790 1210 907 1272 fortiter
916 1210 1110 1286 resistebant,

232 1329 276 1398 at,
291 1341 399 1385 eorum
415 1317 497 1386 duce
517 1321 628 1399 occiso,
651 1322 790 1405 plerique
807 1320 934 1398 militen,
950 1322 1112 1385 interfecto

231 1423 425 1516 imperatore,
449 1433 537 1498 haud
556 1434 624 1517 jam
646 1435 780 1518 amplius
803 1445 929 1510 certare,
951 1445 1008 1496 eut
1029 1434 1112 1496 vitas

231 1543 371 1607 hostium
392 1545 462 1609 telis
483 1547 640 1630 objectare
659 1547 814 1611 volebant.
861 1548 1018 1622 Quocirca
1041 1547 1112 1610 hos·

231 1655 313 1719 tium
328 1656 413 1720 mille
428 1678 497 1721 sese
511 1658 754 1741 Washingtonio
768 1680 806 1722 eo
820 1659 870 1722 die
887 1658 1081 1723 dediderunt.

276 1769 348 1843 Quo
370 1769 473 1853 praelio
494 1773 588 1848 facto,
605 1790 654 1833 res
676 1770 943 1835 Americanorum
965 1771 1056 1848 laetae,
1073 1793 1111 1835 ac

231 1899 301 1962 spes
313 1881 416 1945 multo
428 1881 595 1964 jucundior
608 1903 675 1943 esse
689 1892 859 1964 coeperunt.
907 1882 1005 1945 Hisce
1017 1883 1114 1966 copiis

232 1993 314 2074 regis
329 1993 503 2056 Britannici
518 1991 743 2067 conductitiis,⁹
759 2013 828 2073 quae
843 1993 972 2056 coloniis
988 2004 1113 2056 tantum

232 2096 338 2167 mettis
365 2103 582 2186 malorumque
607 2123 818 2187 saepenumero
844 2103 1029 2180 intulerant,
1057 2116 1114 2167 aut

233 2216 415 2280 occisiseut
430 2217 537 2301 ceptis,
549 2216 649 2280 omnis
664 2216 749 2278 urbis
764 2216 916 2301 primarie
932 2217 1114 2280 amittenda

233 2322 338 2392 metus
353 2328 459 2414 procul
475 2328 638 2394 deolonis³
649 2340 782 2392 amotus.
829 2328 895 2393 Nec
908 2328 1048 2407 deerant,
1059 2331 1114 2413 qui

233 2442 322 2506 hunc
333 2445 400 2506 toln
410 2442 603 2526 insperatum
613 2462 795 2506 successum
805 2441 873 2506 Deo
883 2443 999 2527 optimo
1009 2444 1114 2507 maxi,-

233 2575 297 2634 mo,
313 2555 367 2640 qui
383 2558 465 2640 saepe
480 2555 621 2618 humiles
636 2555 726 2633 tollit,
741 2555 943 2639 insignesque
959 2556 1113 2641 deprimit,

235 2670 369 2732 tribuere
385 2668 573 2751 dubitarent.

278 2782 417 2846 Flumen
431 2781 597 2845 Delaware
607 2779 870 2864 Washingtonius
889 2781 1005 2846 iterum
1021 2783 1114 2866 traje-

236 2895 287 2975 cit,
299 2895 477 2977 reditusque
488 2895 521 2957 in
535 2893 665 2971 urbem,⁴
678 2914 753 2956 cum
765 2904 832 2957 tem
847 2893 957 2956 multis
973 2896 1114 2978 captiuis,

238 3007 391 3090 gaudium
407 3007 518 3089 ingens
533 3026 587 3090 per
598 3026 707 3069 omnes
722 3006 843 3069 ordines
856 3007 980 3070 excivit.
1027 3006 1115 3070 Tan-

237 3132 305 3184 tam
320 3131 539 3182 veteranorum
554 3139 686 3182 manum
701 3117 740 3182 dc
755 3119 920 3204 improviso
934 3119 1115 3203 opprimere,

270 3311 278 3362 i
295 3320 340 3380 illi,
352 3318 450 3382 “they‚”
461 3316 476 3365 i.
485 3331 506 3366 e.
516 3317 556 3366 the
565 3331 659 3380 enemy.
768 3369 770 3374 ,

269 3405 281 3440 2
299 3397 454 3454 umanum,
471 3393 579 3455 “luced”
595 3409 622 3443 or
638 3395 820 3457 “messenum”
835 3392 942 3457 alluding
957 3397 982 3440 to
996 3390 1037 3439 the
1051 3387 1116 3438 Hes·

239 3475 312 3534 dans,
322 3474 376 3522 who
385 3488 448 3521 were
457 3471 546 3537 objecta
555 3469 583 3520 of
593 3470 709 3536 infinitely
718 3486 783 3520 more
792 3469 874 3520 haued
884 3476 909 3519 to
917 3469 958 3520 the
968 3466 1117 3527 American,

239 3552 298 3603 than
308 3551 348 3600 che
357 3549 451 3599 Britisla

270 3639 282 3674 ³
300 3631 398 3689 eonon,
414 3625 577 3689 “colonists;”
592 3626 646 3677 itis
660 3626 716 3676 here
731 3626 805 3675 taken
821 3626 846 3674 in
861 3624 891 3674 its
907 3623 1010 3688 primary
1019 3620 1118 3686 odginel

241 3707 354 3772 inserting
361 3726 368 3769 ;
384 3705 403 3755 it
411 3705 464 3766 has,
473 3705 589 3765 however,
598 3705 665 3756 other
674 3703 841 3768 acceptatione.

271 3797 283 3832 t
301 3785 392 3847 Urbem,
403 3787 418 3814 “
424 3783 474 3834 into
483 3782 523 3834 dre
532 3780 603 3847 city,”
612 3780 627 3830 i.
638 3797 658 3831 e.
670 3778 841 3844 Philadelphie.
