2840 4684
525 511 775 558 wrsnruerorur
798 510 885 556 vrri.
1102 493 1145 556 85

546 1057 680 1120 CAPUT
708 1055 867 1117 NONUM.

270 1253 391 1307 Subridic
412 1271 559 1322 comparere
582 1253 669 1306 studet
685 1251 1084 1323 Wastiogtouies.-Ecercitttr
1107 1255 1149 1307 orci
1235 1251 1240 1260 ⁴

303 1337 355 1392 Lec
364 1339 517 1407 prepositus
528 1335 623 1406 ficeret
631 1338 767 1406 imperium
782 1337 817 1390 cd
830 1337 993 1392 Seiliooaum
1005 1338 1150 1390 devenit.-

303 1422 456 1484 Herciooor,
467 1421 562 1474 milites
580 1423 756 1486 conductitios,
768 1429 875 1490 ruperat
889 1421 1150 1490 Wactiagtoaiurm-

300 1492 509 1574 ¹Philadelphum
528 1506 611 1558 victor
626 1505 911 1568 redit-Americooir,
927 1513 988 1577 port
1005 1505 1149 1568 victoriam,

301 1590 426 1658 rpesdetli
434 1587 653 1658 sanctissimos·
658 1589 750 1642 Urbem
762 1589 928 1642 Trentooicm
943 1596 1048 1657 occupet
1058 1587 1150 1642 Wart-

301 1675 444 1744 iugtonioe,
456 1691 532 1743 qaam
546 1682 637 1742 posteo
651 1675 795 1742 relinquere
812 1682 915 1726 coactor
930 1673 1150 1728 cst-Priorem·

301 1759 372 1811 niem
380 1758 825 1828 pergit.÷nProetiom.-Imperator
836 1757 1006 1811 Britannicos
1023 1757 1150 1811 Emerui·

302 1858 360 1893 cem
372 1842 476 1894 recedit.

313 2004 378 2067 Hrs
410 2025 514 2067 rerum
544 2005 700 2086 angustiis
724 2003 992 2086 Waehingtonius
1022 2009 1152 2070 summa

269 2137 327 2199 ope
342 2116 511 2193 nitebatur,
524 2126 561 2178 ut
574 2116 712 2178 subsidia
722 2126 754 2177 et
770 2116 892 2178 auxilie
904 2137 1001 2198 quam
1013 2117 1151 2200 primum

269 2238 499 2312 comparentur.
547 2228 654 2291 Duces
669 2228 784 2293 Miffiin
803 2239 835 2290 et
854 2228 1053 2311 Armstrong,
1076 2229 1151 2292 eivi-

268 2340 1151 2427 umPennsylvaniensiumexpergefaciendorumcause,

268 2455 365 2518 missi.
412 2454 576 2519 Tribunus
586 2453 721 2536 legionis
733 2453 833 2533 Reed,
845 2454 886 2519 ed
897 2452 1152 2538 Livingstonium

268 2565 365 2631 Novae
391 2567 543 2630 Cesarere
572 2569 822 2650 gubernatorem,
848 2569 902 2651 qui
932 2568 1054 2631 militiae
1083 2569 1152 2634 Neo

270 2680 421 2743 Cesarea
450 2680 668 2744 evocationem
698 2679 807 2743 sedulo
838 2679 993 2759 suaderet,
1024 2681 1103 2744 item
1132 2701 1152 2743 a

268 2791 513 2876 Waehingtonio
528 2778 653 2858 misens,
700 2793 745 2856 At
761 2792 828 2856 heee
842 2793 967 2856 monita
981 2805 1049 2860 tam
1066 2793 1152 2858 salu-

268 2907 351 2968 tarie
371 2906 437 2969 tere
460 2906 545 2969 irrita
558 2908 659 2968 fuere.
707 2905 898 2979 Quindecim
921 2906 1021 2969 millia
1044 2905 1151 2969 Phile·
1265 2971 1272 2984 ,

269 3016 499 3100 delphiensium
521 3017 555 3079 in
570 3036 672 3080 unum
695 3021 882 3095 convenere,
898 3028 931 3079 et
944 3016 1152 3098 Washingto-

269 3128 360 3190 nium
383 3148 494 3191 versus
518 3129 577 3191 iter
600 3131 704 3192 secere
729 3141 901 3213 coeperunt.
945 3129 1016 3194 Etsi
1037 3128 1152 3192 horum

269 3239 407 3323 plerique
419 3239 554 3304 delicate
567 3251 599 3303 et
612 3240 748 3304 molliter
760 3241 875 3325 degere
889 3241 1005 3304 assueti
1014 3243 1151 3320 fuerant,

271 3354 421 3429 tentoriis,
437 3363 556 3431 tamen,
573 3365 606 3416 et
627 3354 769 3432 stabulm,
786 3376 866 3440 saepe
886 3354 984 3419 etiem
1006 3353 1065 3416 sub
1088 3351 1150 3430 dio,

270 3479 404 3546 noctem,
421 3473 548 3533 summa
561 3469 677 3548 hieme,
694 3471 873 3535 traduxero.

315 3581 404 3644 Duce
427 3581 491 3646 Lee
504 3593 607 3665 capto,
622 3585 788 3662 exereitus,
804 3584 856 3647 cui
871 3583 936 3648 Lee
957 3581 1149 3667 prepositae,

272 3694 440 3778 imperium
463 3693 504 3755 ad
533 3693 743 3775 Sullivanum,
770 3698 954 3782 prefectum
980 3695 1149 3778 insignem,

272 3807 407 3872 devenit.
454 3805 555 3871 Hicee
571 3810 745 3890 praefectus,
760 3808 951 3893 imperatorii
963 3809 1064 3893 jussu,
1080 3827 1149 3873 me·

703 3907 725 3950 u
