<?xml version="1.0" encoding="UTF-8"?>
<!DOCTYPE html PUBLIC "-//W3C//DTD XHTML 1.0 Transitional//EN"
    "http://www.w3.org/TR/xhtml1/DTD/xhtml1-transitional.dtd">
<html xmlns="http://www.w3.org/1999/xhtml" xml:lang="en" lang="en">
 <head>
  <title>
</title>
<meta http-equiv="Content-Type" content="text/html;charset=utf-8" />
  <meta name='ocr-system' content='tesseract 3.04.00' />
  <meta name='ocr-capabilities' content='ocr_page ocr_carea ocr_par ocr_line ocrx_word'/>
</head>
<body>
  <div class='ocr_page' id='page_1' title='image "./alifegeorgewash03glasgoog_0099.png"; bbox 0 0 2840 4684; ppageno 0'>
   <div class='ocr_carea' id='block_1_1' title="bbox 301 449 918 512">
    <p class='ocr_par' dir='ltr' id='par_1_1' title="bbox 301 449 918 512">
     <span class='ocr_line' id='line_1_1' title="bbox 301 449 918 512; baseline 0 -2"><span class='ocrx_word' id='word_1_1' title='bbox 301 449 360 512; x_wconf 70' lang='lat'><strong>102</strong></span> <span class='ocrx_word' id='word_1_2' title='bbox 555 459 806 512; x_wconf 70' lang='lat' dir='ltr'><strong>wssnrrtc&#39;rorur</strong></span> <span class='ocrx_word' id='word_1_3' title='bbox 830 467 918 511; x_wconf 77' lang='lat' dir='ltr'><strong>vrrs.</strong></span> 
     </span>
    </p>
   </div>
   <div class='ocr_carea' id='block_1_2' title="bbox 283 607 1241 3384">
    <p class='ocr_par' dir='ltr' id='par_1_2' title="bbox 283 607 1241 3281">
     <span class='ocr_line' id='line_1_2' title="bbox 295 607 1176 695; baseline 0.005 -23"><span class='ocrx_word' id='word_1_4' title='bbox 295 611 350 673; x_wconf 91' lang='lat' dir='ltr'><strong>nia</strong></span> <span class='ocrx_word' id='word_1_5' title='bbox 376 609 524 674; x_wconf 88' lang='lat' dir='ltr'><strong>obeunda</strong></span> <span class='ocrx_word' id='word_1_6' title='bbox 550 633 618 674; x_wconf 88' lang='lat' dir='ltr'><strong>sese</strong></span> <span class='ocrx_word' id='word_1_7' title='bbox 644 607 792 689; x_wconf 75' lang='lat' dir='ltr'><strong>accinxit,</strong></span> <span class='ocrx_word' id='word_1_8' title='bbox 818 633 894 690; x_wconf 87' lang='lat' dir='ltr'><strong>curn</strong></span> <span class='ocrx_word' id='word_1_9' title='bbox 922 610 1176 695; x_wconf 83' lang='lat' dir='ltr'><strong>Philadelphiam</strong></span> 
     </span>
     <span class='ocr_line' id='line_1_3' title="bbox 294 724 1178 809; baseline 0 -23"><span class='ocrx_word' id='word_1_10' title='bbox 294 725 499 809; x_wconf 55' lang='lat' dir='ltr'><strong>assuefacere</strong></span> <span class='ocrx_word' id='word_1_11' title='bbox 518 724 625 806; x_wconf 86' lang='lat' dir='ltr'><strong>jussus</strong></span> <span class='ocrx_word' id='word_1_12' title='bbox 648 725 718 787; x_wconf 81' lang='lat' dir='ltr'><strong>ruit.</strong></span> <span class='ocrx_word' id='word_1_13' title='bbox 766 726 842 800; x_wconf 77' lang='lat' dir='ltr'><strong>Qua</strong></span> <span class='ocrx_word' id='word_1_14' title='bbox 864 727 1064 801; x_wconf 75' lang='lat' dir='ltr'><strong>vacuefacta,</strong></span> <span class='ocrx_word' id='word_1_15' title='bbox 1081 725 1178 808; x_wconf 82' lang='lat' dir='ltr'><strong>pluri-</strong></span> 
     </span>
     <span class='ocr_line' id='line_1_4' title="bbox 294 835 1176 920; baseline 0.002 -24"><span class='ocrx_word' id='word_1_16' title='bbox 294 835 418 917; x_wconf 88' lang='lat' dir='ltr'><strong>misque</strong></span> <span class='ocrx_word' id='word_1_17' title='bbox 433 835 555 898; x_wconf 86' lang='lat' dir='ltr'><strong>levibus</strong></span> <span class='ocrx_word' id='word_1_18' title='bbox 570 838 687 920; x_wconf 83' lang='lat' dir='ltr'><strong>pugnis</strong></span> <span class='ocrx_word' id='word_1_19' title='bbox 697 837 839 900; x_wconf 74' lang='lat' dir='ltr'><strong>hostibus</strong></span> <span class='ocrx_word' id='word_1_20' title='bbox 856 837 970 900; x_wconf 73' lang='lat' dir='ltr'><strong>attritis</strong></span> <span class='ocrx_word' id='word_1_21' title='bbox 980 837 1176 919; x_wconf 78' lang='lat' dir='ltr'><strong>vexatisque,</strong></span> 
     </span>
     <span class='ocr_line' id='line_1_5' title="bbox 294 941 1241 1030; baseline 0.004 -22"><span class='ocrx_word' id='word_1_22' title='bbox 294 941 470 1009; x_wconf 83' lang='lat' dir='ltr'><strong>exercitum</strong></span> <span class='ocrx_word' id='word_1_23' title='bbox 492 946 764 1030; x_wconf 81' lang='lat' dir='ltr'><strong>Washingtonius,</strong></span> <span class='ocrx_word' id='word_1_24' title='bbox 791 945 938 1012; x_wconf 74' lang='lat' dir='ltr'><strong>Caesarea</strong></span> <span class='ocrx_word' id='word_1_25' title='bbox 964 949 1066 1026; x_wconf 66' lang='lat' dir='ltr'><strong>Nova,</strong></span> <span class='ocrx_word' id='word_1_26' title='bbox 1086 947 1178 1012; x_wconf 88' lang='lat' dir='ltr'><strong>haud</strong></span> <span class='ocrx_word' id='word_1_27' title='bbox 1233 1013 1241 1028; x_wconf 71' lang='grc'><strong>,</strong></span> 
     </span>
     <span class='ocr_line' id='line_1_6' title="bbox 293 1058 928 1142; baseline 0.008 -22"><span class='ocrx_word' id='word_1_28' title='bbox 293 1058 390 1142; x_wconf 75' lang='lat' dir='ltr'><strong>longe</strong></span> <span class='ocrx_word' id='word_1_29' title='bbox 404 1061 426 1123; x_wconf 71' lang='lat' dir='ltr'><strong>a</strong></span> <span class='ocrx_word' id='word_1_30' title='bbox 440 1060 520 1122; x_wconf 85' lang='lat' dir='ltr'><strong>mari</strong></span> <span class='ocrx_word' id='word_1_31' title='bbox 536 1060 721 1142; x_wconf 75' lang='lat' dir='ltr'><strong>aliquandiu</strong></span> <span class='ocrx_word' id='word_1_32' title='bbox 739 1063 928 1125; x_wconf 88' lang='lat' dir='ltr'><strong>continebat.</strong></span> 
     </span>
     <span class='ocr_line' id='line_1_7' title="bbox 296 1171 1178 1256; baseline 0 -23"><span class='ocrx_word' id='word_1_33' title='bbox 296 1198 301 1217; x_wconf 57' lang='lat' dir='ltr'><strong>r</strong></span> <span class='ocrx_word' id='word_1_34' title='bbox 340 1171 456 1234; x_wconf 85' lang='lat' dir='ltr'><strong>Classis</strong></span> <span class='ocrx_word' id='word_1_35' title='bbox 470 1172 604 1250; x_wconf 84' lang='lat' dir='ltr'><strong>Gallica,</strong></span> <span class='ocrx_word' id='word_1_36' title='bbox 617 1174 710 1255; x_wconf 84' lang='lat' dir='ltr'><strong>cujus</strong></span> <span class='ocrx_word' id='word_1_37' title='bbox 720 1174 899 1256; x_wconf 78' lang='lat' dir='ltr'><strong>expectatio</strong></span> <span class='ocrx_word' id='word_1_38' title='bbox 911 1174 1081 1242; x_wconf 76' lang='lat' dir='ltr'><strong>Britannos</strong></span> <span class='ocrx_word' id='word_1_39' title='bbox 1091 1171 1178 1236; x_wconf 90' lang='lat' dir='ltr'><strong>Phil-</strong></span> 
     </span>
     <span class='ocr_line' id='line_1_8' title="bbox 295 1282 1178 1368; baseline 0.003 -24"><span class='ocrx_word' id='word_1_40' title='bbox 295 1282 480 1368; x_wconf 89' lang='lat' dir='ltr'><strong>adelphiam</strong></span> <span class='ocrx_word' id='word_1_41' title='bbox 506 1286 713 1346; x_wconf 85' lang='lat' dir='ltr'><strong>vacuefacere</strong></span> <span class='ocrx_word' id='word_1_42' title='bbox 740 1285 854 1366; x_wconf 77' lang='lat' dir='ltr'><strong>coegit,</strong></span> <span class='ocrx_word' id='word_1_43' title='bbox 881 1288 966 1349; x_wconf 75' lang='lat' dir='ltr'><strong>serit¹</strong></span> <span class='ocrx_word' id='word_1_44' title='bbox 991 1284 1038 1349; x_wconf 59' lang='lat' dir='ltr'><strong>ad*</strong></span> <span class='ocrx_word' id='word_1_45' title='bbox 1056 1285 1178 1348; x_wconf 87' lang='lat' dir='ltr'><strong>bellum</strong></span> 
     </span>
     <span class='ocr_line' id='line_1_9' title="bbox 292 1394 1177 1480; baseline 0.002 -24"><span class='ocrx_word' id='word_1_46' title='bbox 292 1394 436 1457; x_wconf 84' lang='lat' dir='ltr'><strong>hostibus</strong></span> <span class='ocrx_word' id='word_1_47' title='bbox 447 1395 647 1458; x_wconf 84' lang='lat' dir='ltr'><strong>inferendum</strong></span> <span class='ocrx_word' id='word_1_48' title='bbox 662 1395 811 1460; x_wconf 83' lang='lat' dir='ltr'><strong>advenit:</strong></span> <span class='ocrx_word' id='word_1_49' title='bbox 837 1397 1027 1474; x_wconf 85' lang='lat' dir='ltr'><strong>Eboracum,</strong></span> <span class='ocrx_word' id='word_1_50' title='bbox 1041 1417 1177 1480; x_wconf 85' lang='lat' dir='ltr'><strong>quoque,</strong></span> 
     </span>
     <span class='ocr_line' id='line_1_10' title="bbox 293 1504 1177 1592; baseline 0.003 -24"><span class='ocrx_word' id='word_1_51' title='bbox 293 1504 421 1568; x_wconf 69' lang='lat' dir='ltr'><strong>Nabum</strong></span> <span class='ocrx_word' id='word_1_52' title='bbox 450 1527 643 1590; x_wconf 79' lang='lat' dir='ltr'><strong>expugnare,</strong></span> <span class='ocrx_word' id='word_1_53' title='bbox 668 1518 726 1570; x_wconf 88' lang='lat' dir='ltr'><strong>aut</strong></span> <span class='ocrx_word' id='word_1_54' title='bbox 750 1508 881 1572; x_wconf 81' lang='lat' dir='ltr'><strong>omnino</strong></span> <span class='ocrx_word' id='word_1_55' title='bbox 908 1509 991 1573; x_wconf 89' lang='lat' dir='ltr'><strong>bello</strong></span> <span class='ocrx_word' id='word_1_56' title='bbox 1018 1519 1177 1592; x_wconf 83' lang='lat' dir='ltr'><strong>appetere,</strong></span> 
     </span>
     <span class='ocr_line' id='line_1_11' title="bbox 292 1603 1175 1712; baseline 0.003 -32"><span class='ocrx_word' id='word_1_57' title='bbox 292 1617 543 1695; x_wconf 90' lang='lat' dir='ltr'><strong>incommodum,</strong></span> <span class='ocrx_word' id='word_1_58' title='bbox 560 1621 632 1682; x_wconf 75' lang='lat' dir='ltr'><strong>eta</strong></span> <span class='ocrx_word' id='word_1_59' title='bbox 657 1641 689 1682; x_wconf 90' lang='lat' dir='ltr'><strong>re</strong></span> <span class='ocrx_word' id='word_1_60' title='bbox 711 1617 809 1702; x_wconf 73' lang='lat' dir='ltr'><strong>longe</strong></span> <span class='ocrx_word' id='word_1_61' title='bbox 834 1603 974 1682; x_wconf 89' lang='lat' dir='ltr'><strong>alienum</strong></span> <span class='ocrx_word' id='word_1_62' title='bbox 999 1621 1175 1712; x_wconf 77' lang='lat' dir='ltr'><strong>estvisum.</strong></span> 
     </span>
     <span class='ocr_line' id='line_1_12' title="bbox 293 1728 1178 1812; baseline 0.005 -22"><span class='ocrx_word' id='word_1_63' title='bbox 293 1728 347 1791; x_wconf 79' lang='lat' dir='ltr'><strong>Ad</strong></span> <span class='ocrx_word' id='word_1_64' title='bbox 368 1731 650 1812; x_wconf 85' lang='lat' dir='ltr'><strong>propugnaculum·</strong></span> <span class='ocrx_word' id='word_1_65' title='bbox 665 1734 704 1794; x_wconf 91' lang='lat' dir='ltr'><strong>ab</strong></span> <span class='ocrx_word' id='word_1_66' title='bbox 718 1733 861 1796; x_wconf 74' lang='lat' dir='ltr'><strong>hostibus</strong></span> <span class='ocrx_word' id='word_1_67' title='bbox 877 1731 1080 1808; x_wconf 69' lang='lat' dir='ltr'><strong>edificatum,</strong></span> <span class='ocrx_word' id='word_1_68' title='bbox 1096 1741 1128 1792; x_wconf 89' lang='lat' dir='ltr'><strong>ct</strong></span> <span class='ocrx_word' id='word_1_69' title='bbox 1143 1731 1178 1794; x_wconf 92' lang='lat' dir='ltr'><strong>in</strong></span> 
     </span>
     <span class='ocr_line' id='line_1_13' title="bbox 294 1841 1177 1922; baseline 0.001 -18"><span class='ocrx_word' id='word_1_70' title='bbox 294 1841 406 1904; x_wconf 74' lang='lat' dir='ltr'><strong>insula</strong></span> <span class='ocrx_word' id='word_1_71' title='bbox 432 1842 595 1907; x_wconf 88' lang='lat' dir='ltr'><strong>Rhodensi</strong></span> <span class='ocrx_word' id='word_1_72' title='bbox 623 1845 731 1922; x_wconf 88' lang='lat' dir='ltr'><strong>situm,</strong></span> <span class='ocrx_word' id='word_1_73' title='bbox 759 1844 889 1920; x_wconf 82' lang='lat' dir='ltr'><strong>Gallicis</strong></span> <span class='ocrx_word' id='word_1_74' title='bbox 913 1854 948 1906; x_wconf 88' lang='lat' dir='ltr'><strong>et</strong></span> <span class='ocrx_word' id='word_1_75' title='bbox 976 1843 1177 1908; x_wconf 86' lang='lat' dir='ltr'><strong>Americanis</strong></span> 
     </span>
     <span class='ocr_line' id='line_1_14' title="bbox 293 1954 1175 2042; baseline 0.006 -27"><span class='ocrx_word' id='word_1_76' title='bbox 293 1954 390 2038; x_wconf 90' lang='lat' dir='ltr'><strong>copiis</strong></span> <span class='ocrx_word' id='word_1_77' title='bbox 411 1955 445 2018; x_wconf 89' lang='lat' dir='ltr'><strong>in</strong></span> <span class='ocrx_word' id='word_1_78' title='bbox 459 1957 723 2034; x_wconf 62' lang='lat' dir='ltr'><strong>unumlccllatis,</strong></span> <span class='ocrx_word' id='word_1_79' title='bbox 739 1978 923 2042; x_wconf 82' lang='lat' dir='ltr'><strong>expugnare</strong></span> <span class='ocrx_word' id='word_1_80' title='bbox 943 1957 1045 2021; x_wconf 88' lang='lat' dir='ltr'><strong>satius</strong></span> <span class='ocrx_word' id='word_1_81' title='bbox 1060 1957 1175 2020; x_wconf 84' lang='lat' dir='ltr'><strong>visum.</strong></span> 
     </span>
     <span class='ocr_line' id='line_1_15' title="bbox 292 2069 1177 2148; baseline 0.002 -18"><span class='ocrx_word' id='word_1_82' title='bbox 292 2103 296 2112; x_wconf 93' lang='lat'><em>·</em></span> <span class='ocrx_word' id='word_1_83' title='bbox 339 2069 412 2144; x_wconf 79' lang='lat' dir='ltr'><strong>Quo</strong></span> <span class='ocrx_word' id='word_1_84' title='bbox 441 2070 620 2148; x_wconf 88' lang='lat' dir='ltr'><strong>constituto,</strong></span> <span class='ocrx_word' id='word_1_85' title='bbox 648 2071 844 2147; x_wconf 82' lang='lat' dir='ltr'><strong>Sullivanus,</strong></span> <span class='ocrx_word' id='word_1_86' title='bbox 867 2070 935 2133; x_wconf 85' lang='lat' dir='ltr'><strong>dux</strong></span> <span class='ocrx_word' id='word_1_87' title='bbox 957 2069 1177 2146; x_wconf 83' lang='lat' dir='ltr'><strong>Americanus,</strong></span> 
     </span>
     <span class='ocr_line' id='line_1_16' title="bbox 294 2179 1178 2264; baseline -0.001 -21"><span class='ocrx_word' id='word_1_88' title='bbox 294 2181 348 2262; x_wconf 90' lang='lat' dir='ltr'><strong>qui</strong></span> <span class='ocrx_word' id='word_1_89' title='bbox 373 2182 478 2264; x_wconf 87' lang='lat' dir='ltr'><strong>copias</strong></span> <span class='ocrx_word' id='word_1_90' title='bbox 492 2182 650 2264; x_wconf 88' lang='lat' dir='ltr'><strong>pedestres</strong></span> <span class='ocrx_word' id='word_1_91' title='bbox 663 2183 805 2259; x_wconf 90' lang='lat' dir='ltr'><strong>duceret,</strong></span> <span class='ocrx_word' id='word_1_92' title='bbox 822 2179 1104 2263; x_wconf 67' lang='lat' dir='ltr'><strong>bWashingtonic</strong></span> <span class='ocrx_word' id='word_1_93' title='bbox 1129 2191 1178 2242; x_wconf 91' lang='lat' dir='ltr'><strong>est</strong></span> 
     </span>
     <span class='ocr_line' id='line_1_17' title="bbox 293 2292 1179 2376; baseline 0.002 -24"><span class='ocrx_word' id='word_1_94' title='bbox 293 2292 419 2354; x_wconf 57' lang='lat' dir='ltr'><strong>missust</strong></span> <span class='ocrx_word' id='word_1_95' title='bbox 465 2293 564 2354; x_wconf 70' lang='grc' dir='ltr'><strong>(ὶιιιιι8</strong></span> <span class='ocrx_word' id='word_1_96' title='bbox 578 2294 708 2376; x_wconf 86' lang='lat' dir='ltr'><strong>paulurn</strong></span> <span class='ocrx_word' id='word_1_97' title='bbox 724 2294 825 2355; x_wconf 87' lang='lat' dir='ltr'><strong>abfuit</strong></span> <span class='ocrx_word' id='word_1_98' title='bbox 839 2293 916 2374; x_wconf 88' lang='lat' dir='ltr'><strong>quin</strong></span> <span class='ocrx_word' id='word_1_99' title='bbox 931 2293 1070 2354; x_wconf 90' lang='lat' dir='ltr'><strong>hostium</strong></span> <span class='ocrx_word' id='word_1_100' title='bbox 1086 2308 1179 2374; x_wconf 76' lang='lat' dir='ltr'><strong>opera</strong></span> 
     </span>
     <span class='ocr_line' id='line_1_18' title="bbox 293 2403 1178 2485; baseline 0.001 -21"><span class='ocrx_word' id='word_1_101' title='bbox 293 2413 559 2485; x_wconf 72' lang='lat' dir='ltr'><strong>expugnarentur,</strong></span> <span class='ocrx_word' id='word_1_102' title='bbox 579 2403 687 2466; x_wconf 90' lang='lat' dir='ltr'><strong>classis</strong></span> <span class='ocrx_word' id='word_1_103' title='bbox 710 2403 893 2466; x_wconf 87' lang='lat' dir='ltr'><strong>Britannica</strong></span> <span class='ocrx_word' id='word_1_104' title='bbox 916 2403 950 2464; x_wconf 89' lang='lat' dir='ltr'><strong>in</strong></span> <span class='ocrx_word' id='word_1_105' title='bbox 973 2412 1178 2485; x_wconf 88' lang='lat' dir='ltr'><strong>conspectum</strong></span> 
     </span>
     <span class='ocr_line' id='line_1_19' title="bbox 292 2513 1177 2596; baseline -0.001 -19"><span class='ocrx_word' id='word_1_106' title='bbox 292 2514 388 2577; x_wconf 89' lang='lat' dir='ltr'><strong>venit.</strong></span> <span class='ocrx_word' id='word_1_107' title='bbox 435 2513 625 2595; x_wconf 84' lang='lat' dir='ltr'><strong>D’Estaing,</strong></span> <span class='ocrx_word' id='word_1_108' title='bbox 654 2515 767 2578; x_wconf 81' lang='lat' dir='ltr'><strong>Gallus</strong></span> <span class='ocrx_word' id='word_1_109' title='bbox 794 2513 915 2590; x_wconf 90' lang='lat' dir='ltr'><strong>nobilis,</strong></span> <span class='ocrx_word' id='word_1_110' title='bbox 942 2513 996 2596; x_wconf 90' lang='lat' dir='ltr'><strong>qui</strong></span> <span class='ocrx_word' id='word_1_111' title='bbox 1025 2513 1177 2576; x_wconf 87' lang='lat' dir='ltr'><strong>Ludovici</strong></span> 
     </span>
     <span class='ocr_line' id='line_1_20' title="bbox 294 2625 1178 2710; baseline 0 -22"><span class='ocrx_word' id='word_1_112' title='bbox 294 2625 408 2688; x_wconf 89' lang='lat' dir='ltr'><strong>decimi</strong></span> <span class='ocrx_word' id='word_1_113' title='bbox 431 2627 512 2688; x_wconf 83' lang='lat' dir='ltr'><strong>sexti</strong></span> <span class='ocrx_word' id='word_1_114' title='bbox 535 2626 628 2688; x_wconf 84' lang='lat' dir='ltr'><strong>classi</strong></span> <span class='ocrx_word' id='word_1_115' title='bbox 653 2627 785 2710; x_wconf 83' lang='lat' dir='ltr'><strong>praefuit,</strong></span> <span class='ocrx_word' id='word_1_116' title='bbox 809 2637 845 2688; x_wconf 91' lang='lat' dir='ltr'><strong>ut</strong></span> <span class='ocrx_word' id='word_1_117' title='bbox 872 2645 946 2688; x_wconf 90' lang='lat' dir='ltr'><strong>curn</strong></span> <span class='ocrx_word' id='word_1_118' title='bbox 968 2625 1057 2688; x_wconf 88' lang='lat' dir='ltr'><strong>hoste</strong></span> <span class='ocrx_word' id='word_1_119' title='bbox 1080 2647 1178 2708; x_wconf 86' lang='lat' dir='ltr'><strong>quam</strong></span> 
     </span>
     <span class='ocr_line' id='line_1_21' title="bbox 283 2738 1178 2832; baseline 0.004 -34"><span class='ocrx_word' id='word_1_120' title='bbox 283 2738 431 2832; x_wconf 51' lang='lat' dir='ltr'><strong>¹primurn</strong></span> <span class='ocrx_word' id='word_1_121' title='bbox 453 2739 642 2820; x_wconf 86' lang='lat' dir='ltr'><strong>confligeret,</strong></span> <span class='ocrx_word' id='word_1_122' title='bbox 658 2746 758 2801; x_wconf 88' lang='lat' dir='ltr'><strong>naves</strong></span> <span class='ocrx_word' id='word_1_123' title='bbox 772 2739 887 2816; x_wconf 76' lang='lat' dir='ltr'><strong>soluit,⁴</strong></span> <span class='ocrx_word' id='word_1_124' title='bbox 903 2750 935 2800; x_wconf 89' lang='lat' dir='ltr'><strong>ct</strong></span> <span class='ocrx_word' id='word_1_125' title='bbox 950 2738 984 2801; x_wconf 90' lang='lat' dir='ltr'><strong>in</strong></span> <span class='ocrx_word' id='word_1_126' title='bbox 1004 2738 1107 2802; x_wconf 86' lang='lat' dir='ltr'><strong>altum</strong></span> <span class='ocrx_word' id='word_1_127' title='bbox 1130 2749 1178 2802; x_wconf 88' lang='lat' dir='ltr'><strong>est</strong></span> 
     </span>
     <span class='ocr_line' id='line_1_22' title="bbox 289 2843 1178 2935; baseline 0.003 -24"><span class='ocrx_word' id='word_1_128' title='bbox 289 2861 476 2933; x_wconf 88' lang='lat' dir='ltr'><strong>provectus:</strong></span> <span class='ocrx_word' id='word_1_129' title='bbox 509 2861 542 2912; x_wconf 89' lang='lat' dir='ltr'><strong>at</strong></span> <span class='ocrx_word' id='word_1_130' title='bbox 565 2843 736 2935; x_wconf 85' lang='lat' dir='ltr'><strong>tempestas</strong></span> <span class='ocrx_word' id='word_1_131' title='bbox 759 2863 850 2914; x_wconf 89' lang='lat' dir='ltr'><strong>tanta</strong></span> <span class='ocrx_word' id='word_1_132' title='bbox 870 2849 977 2919; x_wconf 79' lang='lat' dir='ltr'><strong>subito</strong></span> <span class='ocrx_word' id='word_1_133' title='bbox 1001 2863 1117 2928; x_wconf 87' lang='lat' dir='ltr'><strong>coorta,</strong></span> <span class='ocrx_word' id='word_1_134' title='bbox 1141 2863 1178 2914; x_wconf 90' lang='lat' dir='ltr'><strong>ut</strong></span> 
     </span>
     <span class='ocr_line' id='line_1_23' title="bbox 294 2961 1178 3040; baseline 0.006 -16"><span class='ocrx_word' id='word_1_135' title='bbox 294 2961 429 3024; x_wconf 86' lang='lat' dir='ltr'><strong>classem</strong></span> <span class='ocrx_word' id='word_1_136' title='bbox 453 2963 584 3025; x_wconf 88' lang='lat' dir='ltr'><strong>alteram</strong></span> <span class='ocrx_word' id='word_1_137' title='bbox 599 2964 778 3026; x_wconf 87' lang='lat' dir='ltr'><strong>Eburacum</strong></span> <span class='ocrx_word' id='word_1_138' title='bbox 794 2963 932 3040; x_wconf 86' lang='lat' dir='ltr'><strong>Novum,</strong></span> <span class='ocrx_word' id='word_1_139' title='bbox 948 2963 1090 3025; x_wconf 53' lang='lat' dir='ltr'><strong>alteram¹</strong></span> <span class='ocrx_word' id='word_1_140' title='bbox 1100 2966 1178 3028; x_wconf 89' lang='lat' dir='ltr'><strong>Bos-</strong></span> 
     </span>
     <span class='ocr_line' id='line_1_24' title="bbox 294 3074 1177 3161; baseline 0.007 -25"><span class='ocrx_word' id='word_1_141' title='bbox 294 3074 425 3152; x_wconf 86' lang='lat' dir='ltr'><strong>tcniam,</strong></span> <span class='ocrx_word' id='word_1_142' title='bbox 439 3097 506 3137; x_wconf 90' lang='lat' dir='ltr'><strong>sese</strong></span> <span class='ocrx_word' id='word_1_143' title='bbox 518 3076 663 3161; x_wconf 87' lang='lat' dir='ltr'><strong>recipere,</strong></span> <span class='ocrx_word' id='word_1_144' title='bbox 671 3077 804 3139; x_wconf 88' lang='lat' dir='ltr'><strong>navium</strong></span> <span class='ocrx_word' id='word_1_145' title='bbox 814 3075 1177 3153; x_wconf 73' lang='lat' dir='ltr'><strong>reficiendarumcausb,</strong></span> 
     </span>
     <span class='ocr_line' id='line_1_25' title="bbox 294 3175 796 3281; baseline 0.002 -31"><span class='ocrx_word' id='word_1_146' title='bbox 294 3188 443 3273; x_wconf 85' lang='lat' dir='ltr'><strong>coegerit.</strong></span> <span class='ocrx_word' id='word_1_147' title='bbox 633 3271 636 3281; x_wconf 24' lang='grc' dir='ltr'>ἱ</span> <span class='ocrx_word' id='word_1_148' title='bbox 694 3175 696 3182; x_wconf 58' lang='grc'><strong>’</strong></span> <span class='ocrx_word' id='word_1_149' title='bbox 793 3197 796 3202; x_wconf 81' lang='grc'>’</span> 
     </span>
    </p>

    <p class='ocr_par' dir='ltr' id='par_1_3' title="bbox 341 3279 1179 3384">
     <span class='ocr_line' id='line_1_26' title="bbox 341 3279 1179 3384; baseline -0.002 -22"><span class='ocrx_word' id='word_1_150' title='bbox 341 3301 425 3363; x_wconf 91' lang='lat' dir='ltr'><strong>Cum</strong></span> <span class='ocrx_word' id='word_1_151' title='bbox 448 3300 564 3363; x_wconf 84' lang='lat' dir='ltr'><strong>classes</strong></span> <span class='ocrx_word' id='word_1_152' title='bbox 580 3303 680 3363; x_wconf 83' lang='lat' dir='ltr'><strong>ambae</strong></span> <span class='ocrx_word' id='word_1_153' title='bbox 697 3303 715 3364; x_wconf 74' lang='lat' dir='ltr'><strong>e</strong></span> <span class='ocrx_word' id='word_1_154' title='bbox 732 3279 901 3384; x_wconf 87' lang='lat' dir='ltr'><strong>conspectu</strong></span> <span class='ocrx_word' id='word_1_155' title='bbox 918 3299 987 3382; x_wconf 86' lang='lat' dir='ltr'><strong>jam</strong></span> <span class='ocrx_word' id='word_1_156' title='bbox 1003 3298 1128 3375; x_wconf 80' lang='lat' dir='ltr'><strong>ablatae,</strong></span> <span class='ocrx_word' id='word_1_157' title='bbox 1146 3309 1179 3360; x_wconf 86' lang='lat' dir='ltr'><strong>et</strong></span> 
     </span>
    </p>
   </div>
   <div class='ocr_carea' id='block_1_3' title="bbox 296 3401 1179 3498">
    <p class='ocr_par' dir='ltr' id='par_1_4' title="bbox 296 3401 1179 3498">
     <span class='ocr_line' id='line_1_27' title="bbox 296 3401 1179 3498; baseline -0.002 -22"><span class='ocrx_word' id='word_1_158' title='bbox 296 3417 328 3477; x_wconf 86' lang='lat' dir='ltr'><strong>in</strong></span> <span class='ocrx_word' id='word_1_159' title='bbox 344 3413 444 3484; x_wconf 89' lang='lat' dir='ltr'><strong>altum</strong></span> <span class='ocrx_word' id='word_1_160' title='bbox 459 3413 566 3498; x_wconf 89' lang='lat' dir='ltr'><strong>procul</strong></span> <span class='ocrx_word' id='word_1_161' title='bbox 581 3415 603 3478; x_wconf 74' lang='lat' dir='ltr'><strong>a</strong></span> <span class='ocrx_word' id='word_1_162' title='bbox 617 3424 698 3486; x_wconf 82' lang='lat' dir='ltr'><strong>terra</strong></span> <span class='ocrx_word' id='word_1_163' title='bbox 714 3423 864 3496; x_wconf 78' lang='lat' dir='ltr'><strong>provecta</strong></span> <span class='ocrx_word' id='word_1_164' title='bbox 879 3401 1027 3488; x_wconf 85' lang='lat' dir='ltr'><strong>fuissent,</strong></span> <span class='ocrx_word' id='word_1_165' title='bbox 1040 3410 1179 3474; x_wconf 81' lang='lat' dir='ltr'><strong>Sulliva·</strong></span> 
     </span>
    </p>
   </div>
   <div class='ocr_carea' id='block_1_4' title="bbox 325 3543 1179 3834">
    <p class='ocr_par' dir='ltr' id='par_1_5' title="bbox 325 3543 1091 3606">
     <span class='ocr_line' id='line_1_28' title="bbox 325 3543 1091 3606; baseline -0.004 -12"><span class='ocrx_word' id='word_1_166' title='bbox 325 3552 335 3586; x_wconf 89' lang='lat'>1</span> <span class='ocrx_word' id='word_1_167' title='bbox 353 3546 415 3606; x_wconf 75' lang='lat' dir='ltr'><strong>sea,</strong></span> <span class='ocrx_word' id='word_1_168' title='bbox 426 3548 475 3606; x_wconf 57' lang='grc' dir='ltr'><strong>ᾦα,</strong></span> <span class='ocrx_word' id='word_1_169' title='bbox 486 3545 599 3593; x_wconf 82' lang='lat' dir='ltr'><strong>“arrived</strong></span> <span class='ocrx_word' id='word_1_170' title='bbox 609 3551 648 3594; x_wconf 88' lang='lat' dir='ltr'><strong>too</strong></span> <span class='ocrx_word' id='word_1_171' title='bbox 658 3545 706 3593; x_wconf 79' lang='lat' dir='ltr'><strong>lats</strong></span> <span class='ocrx_word' id='word_1_172' title='bbox 715 3549 741 3593; x_wconf 78' lang='lat' dir='ltr'><strong>to</strong></span> <span class='ocrx_word' id='word_1_173' title='bbox 750 3552 790 3593; x_wconf 89' lang='lat' dir='ltr'><strong>act</strong></span> <span class='ocrx_word' id='word_1_174' title='bbox 796 3561 828 3596; x_wconf 87' lang='lat' dir='ltr'><strong>on</strong></span> <span class='ocrx_word' id='word_1_175' title='bbox 838 3545 878 3592; x_wconf 84' lang='lat' dir='ltr'><strong>the</strong></span> <span class='ocrx_word' id='word_1_176' title='bbox 887 3543 1024 3592; x_wconf 72' lang='lat' dir='ltr'><strong>offenuver’</strong></span> <span class='ocrx_word' id='word_1_177' title='bbox 1089 3563 1091 3568; x_wconf 96' lang='lat'>·</span> 
     </span>
    </p>

    <p class='ocr_par' dir='ltr' id='par_1_6' title="bbox 325 3619 1040 3685">
     <span class='ocr_line' id='line_1_29' title="bbox 325 3619 1040 3685; baseline -0.001 -14"><span class='ocrx_word' id='word_1_178' title='bbox 325 3629 337 3665; x_wconf 76' lang='lat'><strong>¹</strong></span> <span class='ocrx_word' id='word_1_179' title='bbox 355 3623 432 3672; x_wconf 82' lang='lat' dir='ltr'><strong>Unum</strong></span> <span class='ocrx_word' id='word_1_180' title='bbox 444 3621 542 3684; x_wconf 83' lang='lat' dir='ltr'><strong>(scilieet</strong></span> <span class='ocrx_word' id='word_1_181' title='bbox 551 3623 640 3685; x_wconf 76' lang='lat' dir='ltr'><strong>locum)</strong></span> <span class='ocrx_word' id='word_1_182' title='bbox 654 3621 748 3685; x_wconf 84' lang='lat' dir='ltr'><strong>“being</strong></span> <span class='ocrx_word' id='word_1_183' title='bbox 757 3621 847 3682; x_wconf 89' lang='lat' dir='ltr'><strong>united,</strong></span> <span class='ocrx_word' id='word_1_184' title='bbox 858 3637 884 3670; x_wconf 90' lang='lat' dir='ltr'><strong>or</strong></span> <span class='ocrx_word' id='word_1_185' title='bbox 893 3619 1040 3670; x_wconf 58' lang='lat' dir='ltr'><strong>combined·</strong></span> 
     </span>
    </p>

    <p class='ocr_par' dir='ltr' id='par_1_7' title="bbox 325 3691 1179 3834">
     <span class='ocr_line' id='line_1_30' title="bbox 325 3691 1179 3762; baseline -0.007 -14"><span class='ocrx_word' id='word_1_186' title='bbox 325 3705 338 3742; x_wconf 80' lang='lat'>⁸</span> <span class='ocrx_word' id='word_1_187' title='bbox 355 3700 421 3760; x_wconf 71' lang='lat' dir='ltr'><strong>aaa,</strong></span> <span class='ocrx_word' id='word_1_188' title='bbox 439 3703 480 3760; x_wconf 61' lang='lat' dir='ltr'><strong>&amp;a</strong></span> <span class='ocrx_word' id='word_1_189' title='bbox 508 3699 615 3749; x_wconf 86' lang='lat' dir='ltr'><strong>“When</strong></span> <span class='ocrx_word' id='word_1_190' title='bbox 625 3699 665 3748; x_wconf 86' lang='lat' dir='ltr'><strong>the</strong></span> <span class='ocrx_word' id='word_1_191' title='bbox 675 3699 786 3749; x_wconf 87' lang='lat' dir='ltr'><strong>enemies’</strong></span> <span class='ocrx_word' id='word_1_192' title='bbox 796 3699 877 3747; x_wconf 85' lang='lat' dir='ltr'><strong>works</strong></span> <span class='ocrx_word' id='word_1_193' title='bbox 885 3713 950 3746; x_wconf 83' lang='lat' dir='ltr'><strong>were</strong></span> <span class='ocrx_word' id='word_1_194' title='bbox 960 3697 1044 3762; x_wconf 75' lang='lat' dir='ltr'><strong>nearly</strong></span> <span class='ocrx_word' id='word_1_195' title='bbox 1053 3691 1179 3745; x_wconf 69' lang='lat' dir='ltr'><strong>maced*</strong></span> 
     </span>
     <span class='ocr_line' id='line_1_31' title="bbox 329 3770 1029 3834; baseline 0 -10"><span class='ocrx_word' id='word_1_196' title='bbox 329 3782 340 3818; x_wconf 83' lang='lat' dir='ltr'><strong>t</strong></span> <span class='ocrx_word' id='word_1_197' title='bbox 356 3777 435 3824; x_wconf 76' lang='lat' dir='ltr'><strong>Nuces</strong></span> <span class='ocrx_word' id='word_1_198' title='bbox 445 3779 517 3834; x_wconf 76' lang='lat' dir='ltr'><strong>scivit,</strong></span> <span class='ocrx_word' id='word_1_199' title='bbox 528 3779 543 3806; x_wconf 89' lang='lat'><strong>“</strong></span> <span class='ocrx_word' id='word_1_200' title='bbox 549 3783 586 3826; x_wconf 84' lang='lat' dir='ltr'><strong>set</strong></span> <span class='ocrx_word' id='word_1_201' title='bbox 595 3775 647 3833; x_wconf 76' lang='lat' dir='ltr'><strong>sail,</strong></span> <span class='ocrx_word' id='word_1_202' title='bbox 657 3776 705 3825; x_wconf 81' lang='lat' dir='ltr'><strong>aud</strong></span> <span class='ocrx_word' id='word_1_203' title='bbox 716 3770 784 3826; x_wconf 85' lang='lat' dir='ltr'><strong>stood</strong></span> <span class='ocrx_word' id='word_1_204' title='bbox 794 3781 836 3826; x_wconf 84' lang='lat' dir='ltr'><strong>cut</strong></span> <span class='ocrx_word' id='word_1_205' title='bbox 844 3782 870 3825; x_wconf 87' lang='lat' dir='ltr'><strong>to</strong></span> <span class='ocrx_word' id='word_1_206' title='bbox 881 3778 946 3824; x_wconf 71' lang='lat' dir='ltr'><strong>sec-’¹</strong></span> <span class='ocrx_word' id='word_1_207' title='bbox 1027 3775 1029 3782; x_wconf 74' lang='grc'>’</span> 
     </span>
    </p>
   </div>
   <div class='ocr_carea' id='block_1_5' title="bbox 0 0 1425 4684">
    <p class='ocr_par' dir='ltr' id='par_1_8' title="bbox 0 0 1425 4684">
     <span class='ocr_line' id='line_1_32' title="bbox 0 0 1425 4684; baseline 0 0"><span class='ocrx_word' id='word_1_208' title='bbox 0 0 1425 4684; x_wconf 95' lang='lat' dir='ltr'><strong> </strong></span> 
     </span>
    </p>
   </div>
  </div>
 </body>
</html>
