2834 4692
489 489 740 540 ursumororur
763 489 851 534 vrrs.
1070 467 1114 534 65

230 655 441 721 sucorumque
455 643 645 719 magnorum
660 632 795 698 aviditas
809 631 875 710 illa,
890 629 1113 714 intrepiditate,

229 772 299 837 qua
314 750 454 837 pericula
468 749 577 814 omnia
590 747 683 812 nihili
698 745 835 831 pendere
852 744 1011 821 monebat,
1026 745 1114 806 fove·

227 865 330 929 batur.
376 835 514 941 Sciebat,
530 861 629 938 enim,
644 861 761 944 copias,
777 879 856 943 quas
870 868 943 921 tum
965 855 1113 933 ducebat,

228 994 422 1059 quocunque
448 975 503 1038 via
526 983 763 1050 monstraretur,
790 972 921 1035 summa
950 969 1115 1033 alacritate

229 1097 412 1152 secuturas:
429 1072 552 1164 urbem,
561 1086 682 1170 itaque,
693 1105 889 1171 expugnare,
900 1095 958 1148 aut
967 1083 1115 1148 decoram

229 1209 335 1284 petere
349 1221 404 1284 per
417 1199 552 1263 vulnera
565 1210 712 1277 mortem,
725 1198 871 1262 decrerit.
1139 1281 1142 1286 Ι

274 1313 343 1376 Sub
357 1311 476 1376 mensis
492 1311 674 1376 Decembris
688 1314 796 1390 finem,
810 1329 896 1374 anno
911 1329 1007 1394 supra
1021 1307 1116 1386 dicto,

231 1423 273 1488 ad
295 1423 579 1510 expugnationem,
594 1423 698 1509 prima
711 1426 796 1503 luce,
811 1422 990 1487 exereitum
1012 1420 1117 1502 duxit,

230 1550 331 1622 utque
346 1538 586 1603 emulationem
602 1538 697 1624 copiis
709 1535 952 1628 provincialdrus
966 1535 1117 1620 injiceret,

229 1652 427 1736 oppugnatio
442 1649 562 1736 duplex
578 1661 656 1730 erat,
672 1672 813 1740 quarum
828 1671 905 1731 una,
920 1651 943 1716 a
964 1649 1119 1714 militibus

230 1763 446 1847 Novanglieis,
462 1763 608 1829 Amoldii
630 1763 743 1842 ductu,
758 1764 896 1830 alterae
919 1763 1015 1848 copiis
1036 1761 1120 1826 Neo·

230 1873 495 1954 Eboracensibus,
505 1897 586 1959 quas
595 1874 784 1939 senissimus
795 1876 1048 1959 Montgomerius
1060 1873 1120 1937 du-

226 1987 323 2050 cebet
335 1986 412 2070 ipse,
423 1990 520 2050 faeta.
567 1987 779 2068 semitaqua
791 1987 1022 2070 Montgomerio
1035 1983 1121 2070 copi-

231 2099 322 2182 isque
338 2095 578 2160 suecedendum
593 2107 670 2174 erat,
685 2109 881 2181 peranguste
895 2099 968 2175 luit,
984 2107 1027 2176 et,
1043 2115 1121 2180 quo-

233 2209 331 2288 niam,
344 2209 462 2273 virtute
475 2209 619 2273 maxime
634 2209 756 2273 eximit
770 2230 849 2295 opus
864 2211 929 2272 fore
944 2210 1073 2288 sciebat,
1087 2207 1122 2273 in

231 2322 293 2387 hoc
318 2321 473 2388 molimen
495 2321 679 2386 fortissimos
700 2343 843 2407 quosque
863 2323 946 2386 viros
969 2323 1120 2406 elegerat.

233 2437 319 2500 Inter
329 2435 549 2520 largissimum
560 2435 642 2499 nivis
651 2435 786 2499 imbrem
798 2434 840 2501 ad
850 2435 1122 2520 oppugnationem

232 2549 402 2634 processit:
427 2550 536 2634 primis
558 2547 718 2613 claustris¹
734 2547 844 2634 captis,
859 2549 895 2612 in
916 2548 1023 2612 hostes
1045 2565 1122 2612 oum

231 2662 329 2747 copiis
343 2661 447 2739 irruit,
460 2681 671 2746 pugnamque
683 2660 829 2725 cominus
841 2679 1000 2724 conserere
1015 2670 1122 2724 matu·

233 2775 325 2838 ravit.
374 2773 524 2838 Claustra
552 2773 705 2852 secunda,
731 2793 803 2860 quae
829 2773 873 2837 ad
895 2775 980 2838 urbis
1005 2775 1123 2859 portas¹

233 2890 336 2952 reeta⁸
348 2886 517 2964 ducebant,
530 2886 657 2950 munita
666 2889 757 2949 firmo
768 2885 918 2984 prasidio,
930 2886 1120 2968 militesque,

266 3081 415 3131 reuerent
445 3079 546 3147 Bythis
565 3097 604 3131 we
622 3080 1124 3147 mammamuopreaentpmge,

236 3157 385 3207 “hm-iem„
1093 3172 1104 3189 r

267 3235 385 3285 arerem.
416 3233 1122 3301 “Getes,”fromthesimpletrunsitivevarbporto,lcerry;

236 3311 341 3362 because
351 3310 390 3361 the
399 3311 509 3362 Romans
515 3312 540 3364 in
547 3309 680 3378 ploughing
688 3313 765 3362 round
772 3313 813 3363 the
822 3313 866 3366 site
873 3313 901 3365 ol
906 3329 938 3362 nn
945 3310 1057 3362 intended
1067 3310 1124 3376 city,

240 3387 330 3451 (which
344 3403 397 3437 ναι
412 3389 452 3439 the
467 3405 523 3439 osse
539 3389 612 3442 when
627 3389 786 3456 theywished
795 3398 820 3440 to
831 3389 905 3444 found
921 3406 937 3439 ι
946 3389 1014 3454 city‚)
1031 3388 1125 3453 always

238 3465 681 3532 monumentorumque
690 3469 939 3531 wteretteyatenaee
954 3471 1030 3530 ogau
1044 3465 1126 3516 rlould

238 3543 280 3594 le:
297 3541 381 3603 henos,
391 3542 516 3594 theaumo.

269 3627 280 3662 ⁸
297 3617 339 3668 An
349 3618 463 3683 adjective
473 3636 539 3670 noun
546 3621 574 3671 ol
579 3621 644 3672 three
651 3622 822 3684 terminatione,
832 3621 946 3688 agreeing
951 3620 1009 3670 with
1017 3620 1058 3670 the
1067 3621 1125 3670 sub-

239 3695 343 3746 stantive
360 3697 399 3744 oto
412 3695 521 3762 implied;
538 3697 557 3748 it
570 3698 591 3748 is
606 3695 691 3764 placed
706 3699 771 3763 ltere,
787 3700 930 3762 modultu,
945 3698 994 3750 ond
1010 3697 1124 3765 signiliss,

241 3777 256 3804 ‘⁴
264 3771 441 3840 straightmy?
451 3789 479 3826 or
488 3773 629 3840 “mastya

646 3856 665 3900 F
675 3853 691 3900 Ξ
