2834 4692
449 471 700 520 waaurnarorur
723 473 812 521 vrrs.
1028 455 1072 521 69
1175 487 1179 494 ’

192 615 354 686 animosvc
375 615 528 682 militibus
551 615 677 684 addere.
723 617 813 695 Hac,
836 625 956 697 autem,
978 629 1071 684 sexto

190 741 259 816 post
282 750 425 815 pugnarn
439 727 500 808 die,
515 728 558 793 ad
580 729 796 813 congressum
820 730 942 815 scripsit
954 731 1071 798 wash-

190 842 380 925 mgnum·
857 857 859 862 '

233 960 255 994 “
269 953 416 1020 Conditic
437 963 545 1020 nostra
564 953 738 1018 miserrima
759 964 817 1018 est.
851 954 1029 1022 Damnum¹
1049 975 1071 1020 a

189 1066 352 1151 manipulo
379 1076 485 1132 nostro
511 1077 679 1150 acceptum
706 1066 811 1152 copias
837 1087 946 1132 omnes
975 1067 1072 1132 nimis

189 1178 394 1257 exanimavit,
411 1179 594 1262 animosque
618 1178 729 1244 timore
743 1189 776 1242 et
791 1179 1006 1265 desperatione
1022 1159 1072 1245 re·

189 1289 295 1374 plevit.
342 1290 470 1368 Militia,
490 1311 565 1356 cum
587 1293 719 1358 summis
741 1292 859 1356 viribus
882 1292 924 1356 ad
952 1294 1072 1357 fortiter

189 1401 399 1476 resistendum
424 1403 490 1474 niti.
508 1415 669 1489 oporteret,
695 1405 827 1490 trepida,
854 1405 1072 1484 intractabilia,

189 1514 384 1598 domumque
397 1511 558 1585 remeandi
573 1517 753 1582 avidissima
775 1528 833 1582 cst.
879 1517 974 1583 Multi
994 1535 1072 1581 non-

188 1643 355 1711 nunquam
377 1628 555 1707 turmatim,
567 1630 682 1714 saepids
702 1640 810 1694 autem
834 1629 1073 1714 manipulatim,

188 1738 320 1806 domum
341 1727 410 1824 jorn
432 1741 548 1806 abiere.
594 1742 674 1808 Hac
694 1763 742 1805 res
761 1742 838 1820 sola,
854 1742 913 1806 etsi
936 1744 977 1806 ab
1002 1742 1073 1806 eliis

188 1851 367 1916 infortuniis
391 1851 589 1936 sejungatur,
610 1852 687 1916 satis
710 1853 886 1937 injucunda
909 1857 987 1918 foret
999 1877 1007 1932 ;
1039 1865 1074 1918 at

189 1982 264 2026 cum
279 1963 450 2041 considero,
465 1964 587 2028 militiae
609 1963 792 2049 exemplum
815 1976 938 2048 partem
952 1967 1077 2030 exerci-

189 2079 243 2140 tsss
256 2075 390 2139 alteram
403 2075 557 2153 iniecisse,
572 2085 605 2137 et
619 2073 788 2158 disciplina
808 2075 991 2159 imperiique
1007 2097 1074 2140 orn.

189 2186 239 2250 nis
251 2185 511 2251 detractationem
519 2197 621 2251 totum
635 2185 810 2250 exercitum
823 2186 987 2266 invasisse,
1003 2209 1076 2273 spes

190 2309 296 2364 nostra
321 2297 424 2364 multo
439 2299 594 2386 asperior:
616 2302 818 2382 omnemque³
832 2301 905 2366 fere
921 2299 1074 2366 fiduciam

190 2413 225 2478 in
240 2413 336 2498 copiis
350 2413 501 2492 annuisse,
517 2433 643 2478 summo
658 2433 710 2475 me
723 2412 827 2478 dolore
843 2415 983 2478 confiteri
1006 2411 1074 2478 cffi-

190 2525 242 2592 cit.
277 2527 368 2590 ¹Haec
391 2526 507 2604 omnia,
524 2525 836 2609 sentcntiam‚quarn
858 2548 979 2611 semper
1001 2548 1075 2590 sum

191 2650 330 2716 secutus,
341 2638 437 2723 plan&
451 2639 615 2702 roborant:
640 2637 773 2716 nuliam,
789 2659 913 2724 nempe,
924 2638 1075 2702 fiduciam

190 2751 225 2816 in
243 2751 359 2816 militia
371 2751 481 2816 aliisve
496 2751 591 2836 copiis
614 2771 678 2814 non
692 2750 726 2813 in
741 2760 867 2835 ternpus
880 2749 1073 2829 diuturnius,

191 2883 288 2947 quem
316 2865 405 2946 leges
432 2873 544 2928 nostrae
572 2865 687 2942 ferunt,
713 2862 903 2947 conscriptis,
929 2863 1075 2929 collocari

192 2996 290 3059 posse.
338 2977 542 3059 Compertum
556 2975 668 3051 habeo,
678 2974 856 3038 libertatem
868 2985 1006 3038 nostram
1021 2995 1075 3058 pe·

193 3085 365 3152 rictttatmn
378 3086 426 3163 iri,
441 3107 482 3148 nc
504 3086 619 3163 dicam,
634 3085 789 3172 perditum
803 3087 850 3165 iri,
863 3087 924 3150 nisi
938 3087 1006 3170 ojus
1021 3084 1075 3149 de·

225 3329 235 3364 1
252 3321 376 3382 Demeam,
385 3319 426 3370 the
435 3321 485 3371 locs
495 3335 540 3371 our
549 3321 702 3372 dctochmcnt
716 3323 837 3374 matrined
852 3323 877 3373 irr
892 3323 934 3374 thc
949 3322 1027 3373 anfion
1042 3338 1076 3372 on

194 3401 267 3464 Lcng
276 3399 365 3462 laland,
375 3399 458 3466 fought
467 3402 525 3450 arrh
535 3401 640 3466 August,
653 3403 719 3464 1⁷⁷6,
730 3403 779 3465 arrd
787 3403 813 3453 in
822 3403 902 3454 which
910 3402 1076 3467 Wcrhingtcc

195 3477 236 3528 did
243 3486 285 3526 not
294 3477 350 3526 taire
359 3493 391 3526 an
400 3480 526 3528 imorcdc'stc
535 3485 595 3544 part.

226 3563 238 3598 ι
255 3555 400 3616 Oramurque,
412 3557 454 3614 dc.
485 3553 595 3619 Anglioe,
606 3554 676 3604 “and
690 3556 710 3606 it
724 3558 805 3607 affecto
820 3572 859 3606 rno
868 3555 927 3606 with
936 3556 1077 3608 tirenum

196 3623 252 3698 pain
262 3638 287 3680 tc
297 3629 397 3691 confess,
404 3631 457 3678 that
465 3630 477 3678 1
487 3631 547 3680 heva
556 3631 604 3680 lost
610 3633 697 3683 almost
703 3635 735 3682 aii
744 3634 883 3684 confidenoe
891 3633 916 3682 in
926 3633 966 3682 tha
972 3636 1076 3698 uocpc”

196 3709 230 3762 N.
239 3709 268 3758 B.
284 3709 379 3768 rotata,
394 3707 420 3756 in
430 3705 510 3768 Lutic,
519 3707 568 3758 witi
583 3709 613 3758 be
626 3711 701 3760 taken
709 3710 744 3762 'br
754 3711 793 3760 tire
802 3711 903 3773 Eugiton
912 3709 979 3759 word
993 3711 1077 3764 mutu

196 3785 341 3852 throughout
349 3783 389 3834 the
399 3782 474 3833 work.
