2824 4670
309 427 370 491 194
566 443 816 493 wisurucrorur
841 445 928 493 vrrs.

350 591 403 658 Ad
418 592 495 655 alios
509 596 671 677 praefectos
686 593 903 669 Americanos,
919 590 973 673 qui
988 610 1056 654 sese
1071 590 1189 656 virtute

307 716 365 768 aut
380 705 541 783 dedecore,
556 705 654 769 hocce
669 706 763 782 bello,
778 705 1017 786 insigniverant,
1033 724 1120 768 nunc
1141 724 1190 767 re-

305 828 475 882 vertamur.
523 819 560 881 ln
578 817 634 894 eis,
649 817 705 900 qui
727 816 870 901 pulchra,
895 816 934 879 ob
954 816 1088 900 patriam
1109 837 1190 900 pug-

304 929 420 1007 nando,
431 930 566 993 vulnera
580 930 673 1015 passi,
684 929 744 994 fuir
758 927 975 1006 Caelestes,
986 925 1055 990 dux
1066 929 1190 992 Ameri-

305 1042 845 1126 canur,Anglusegregiaevirtutie.
884 1041 961 1105 Dux
970 1041 1029 1104 ite
1040 1040 1190 1124 inclytus,¹

306 1152 384 1216 dum
405 1154 531 1238 longius
552 1157 575 1220 a
594 1155 658 1218 suis
680 1165 830 1232 moratur,
846 1155 1004 1240 captivus,
1018 1154 1056 1241 dp
1076 1154 1191 1239 impro-

304 1267 381 1345 viso,
392 1271 508 1347 factus,
520 1279 552 1331 et
565 1268 606 1332 ad
618 1267 798 1331 Eboracum
809 1267 937 1331 Novum
949 1266 1118 1352 perductus
1131 1276 1190 1330 est.

348 1381 513 1446 Exercitui
538 1380 729 1470 Americeno
756 1379 893 1442 'tandem
920 1379 1071 1456 redditus,
1097 1387 1130 1442 et
1157 1379 1192 1441 in

305 1493 442 1576 gradum
466 1493 632 1576 pristmum
658 1491 956 1572 aWashingtonio,
980 1493 1019 1554 ob
1041 1491 1191 1554 virtutem

304 1605 456 1668 eximiam
470 1604 644 1680 restitutur,
660 1603 764 1686 praelio
780 1602 868 1686 apud
889 1603 1191 1666 Neo-Caesareenses
1277 1640 1280 1647 ·

303 1717 397 1793 fecto,
426 1714 574 1778 dedecore
604 1725 777 1799 coopertus,
803 1724 835 1776 et
865 1714 950 1798 apud
974 1716 1191 1798 praefectorum

304 1827 564 1892 Americanorum
580 1827 749 1892 consilium
764 1825 1005 1904 condemnatus,
1022 1826 1191 1911 imperium

229 1997 232 2004 .
304 1961 398 2003 omne
422 1941 569 2019 militare,
583 1961 637 2025 per
659 1940 754 2003 unius
769 1941 908 2024 spatium
932 1939 1021 2017 anni,
1036 1938 1191 2023 deponere

305 2054 487 2136 cogebatur.
535 2052 695 2117 Dedecore
709 2051 810 2116 notari
825 2051 967 2116 malebat
981 2052 1048 2116 dux
1062 2053 1122 2116 iste
1144 2052 1192 2116 in-

306 2165 422 2249 clytus,
436 2170 605 2252 quampro
619 2165 857 2249 Warhingtonii
874 2166 975 2249 glorie
990 2176 1119 2229 certare.

348 2280 513 2362 Superbia,
528 2279 625 2355 enim,
641 2278 722 2360 ejue¹
745 2278 846 2361 major
865 2288 943 2355 erat,
959 2279 1060 2359 quem
1078 2287 1117 2341 ut
1138 2299 1192 2341 su-

304 2389 458 2474 periorem
483 2389 589 2450 ullum
615 2391 693 2450 ferre
717 2399 830 2471 posset.
877 2389 1035 2463 Quocirca
1060 2389 1192 2473 turpiter

304 2503 428 2584 fugere,
454 2503 555 2584 quam
583 2499 702 2563 fortiter
731 2519 875 2583 pugnare
902 2499 1065 2578 malebat,
1097 2502 1189 2584 fuge,

305 2615 402 2690 enim,
428 2617 498 2692 sua,
514 2611 809 2694 Washiugtonium‚
825 2611 877 2675 die
902 2611 972 2688 isto,
989 2611 1115 2676 cladem
1138 2634 1191 2677 ac·

305 2735 471 2808 cepturum
497 2745 650 2807 magnam
666 2723 832 2788 credebat:
857 2734 890 2786 at
905 2744 981 2786 eum
1002 2746 1072 2808 spes
1094 2725 1190 2808 longe

305 2836 415 2900 fefellit
428 2859 435 2901 :
460 2859 573 2921 quum,
586 2837 681 2915 enim,
694 2847 818 2921 turpem
831 2837 1025 2921 ejusfugam
1038 2859 1190 2923 conspex-

305 3061 331 3106 to
346 3054 428 3104 evinoe
438 3055 478 3104 the
488 3053 600 3118 sincerity
609 3053 639 3103 of
647 3053 685 3103 his
694 3055 743 3104 late
751 3053 898 3116 conversios,
909 3053 1043 3120 destroyed,
1052 3057 1131 3118 bumt,
1141 3055 1198 3106 end·

305 3131 435 3182 distressed
450 3131 482 3182 all
495 3130 583 3196 pisces,
594 3130 695 3180 without
708 3132 750 3181 the
762 3131 869 3180 emollest
885 3129 985 3181 shadow
995 3132 1023 3181 os
1033 3131 1108 3182 either
1119 3149 1189 3198 expe-

305 3209 399 3274 diermy,
409 3226 436 3259 or
451 3208 579 3274 necessity,
590 3215 615 3257 to
625 3208 702 3258 wirich
711 3208 748 3258 his
758 3207 850 3273 during,
861 3207 1023 3258 adventurous
1038 3209 1105 3275 spirit
1119 3209 1190 3260 could

304 3286 413 3352 possibly
426 3287 488 3335 have
505 3285 594 3334 eccess
626 3285 720 3336 Amold
736 3284 865 3351 possessed
884 3301 926 3334 om
944 3285 1117 3338 characteristic
1132 3286 1190 3336 osa

305 3363 399 3425 soldier,
410 3363 459 3412 and
475 3365 514 3412 iot
524 3379 573 3425 orte,
583 3363 687 3428 namely,
698 3365 806 3426 brocam
822 3361 860 3410 bis
873 3362 955 3412 rosels
970 3377 1002 3412 on
1011 3362 1121 3424 Quebec,
1131 3361 1190 3417 with

305 3443 347 3492 the
362 3442 425 3506 truly
434 3443 506 3490 breve
521 3439 731 3506 Montgomery,is
747 3439 773 3488 in
783 3438 863 3504 point:
881 3438 919 3488 bis
934 3438 1020 3488 former
1035 3439 1126 3504 galloni
1141 3455 1188 3489 ser·

305 3518 371 3568 vices
386 3518 489 3570 induced
498 3517 664 3584 Weshrugon
680 3526 705 3568 to
714 3516 808 3568 confide
823 3523 848 3565 to
857 3515 908 3566 him
916 3517 958 3568 the
969 3515 1067 3568 deferres
1076 3516 1104 3566 os
1114 3516 1189 3568 West

303 3594 386 3648 Point
578 3629 581 3634 -

336 3694 347 3728 1
362 3687 432 3751 Ejus,
444 3689 494 3751 do,
504 3687 564 3737 “his
582 3686 676 3752 (Lee’s)
692 3683 760 3752 pride
774 3701 827 3736 was
841 3691 882 3738 too
896 3691 963 3751 greti
976 3691 1003 3737 to
1016 3686 1073 3737 beer
1088 3695 1186 3748 naysu-

306 3762 404 3828 porion„
