2834 4692
499 511 750 559 ussuruorouu
773 513 861 560 vrrs.
1081 498 1119 562 dl

239 669 348 724 turum
363 656 568 721 confirmavit
616 657 741 742 Ingenii
753 657 894 742 quadam
908 656 1122 740 vehementia

238 770 358 834 bellum
384 770 526 834 Canadae
552 770 663 836 incolis
686 771 772 835 ultro
796 771 910 836 inferre
934 772 1054 851 suasit3
1078 783 1123 853 at,

238 883 389 966 quoniam
403 883 475 948 lites
491 883 691 950 Britanniam
712 886 793 950 inter
814 896 848 949 et
864 884 1012 950 colonias
1026 886 1125 953 larius

238 1017 342 1061 cerere
356 997 482 1062 nolebat
495 998 701 1082 Congressus,
717 998 751 1062 in
764 999 957 1084 provinciam
970 999 1065 1063 istam
1076 999 1125 1064 in·

239 1110 351 1188 cursio,
367 1111 401 1174 in
416 1112 593 1196 prasentia,
606 1110 713 1176 dilata.
1139 1101 1143 1111 ’

285 1223 494 1302 Carletouius,
518 1245 614 1308 eques
636 1224 819 1309 Anglieus,¹
841 1223 981 1289 Canadae
1005 1225 1126 1289 Guber-

239 1346 342 1415 nator,
367 1336 409 1401 ad
432 1337 685 1420 Ticonderogam
706 1336 956 1423 recuperandam
982 1335 1127 1402 animum

238 1449 383 1516 intendit.
430 1449 484 1515 Ad
494 1449 610 1520 milites
620 1450 867 1529 conscribendos,
879 1471 994 1534 eosque
1006 1450 1041 1513 in
1053 1449 1127 1514 hos-

238 1572 287 1628 tes
302 1563 491 1642 educendos,
507 1564 696 1627 auctoritate
711 1564 801 1647 regib
813 1575 880 1628 erat
892 1551 1054 1656 munitus.¹

283 1676 398 1742 1ncolae
414 1673 633 1754 Canadenees,
646 1685 767 1753 tamen,
781 1697 853 1740 sese
866 1675 1070 1740 invitissimos
1085 1673 1128 1739 ad

238 1799 400 1852 esttamen
427 1787 605 1852 ineundum
631 1787 852 1871 prestiterunt.
908 1789 1032 1853 Interea
1060 1787 1129 1852 vim

240 1899 391 1965 Indorum
400 1919 556 1984 magnam
564 1909 728 1981 coegerat:
743 1900 847 1983 eopia,
855 1901 999 1982 quamvis
1005 1920 1127 1985 pauca,

238 2012 283 2078 rei
304 2010 451 2074 militaris
474 2009 669 2094 peritissimae
684 2001 795 2087 erant3
820 2009 1010 2093 coloniisque
1028 2011 1129 2075 foede·

239 2124 315 2190 retis
337 2132 415 2201 erat,
431 2121 515 2207 quod
536 2121 616 2186 tanti
637 2115 770 2204 ingenii,
786 2121 927 2204 tantique
946 2125 1025 2186 usus
1046 2122 1129 2186 mili·

239 2238 325 2315 taris,
341 2237 444 2301 virum
458 2244 646 2300 metuerent.
694 2233 756 2298 His
769 2233 808 2298 dc
822 2235 915 2298 rebus
931 2234 1129 2320 congressus

240 2352 349 2417 certior
364 2351 478 2428 sactus,
489 2348 682 2435 provinciam
691 2347 789 2412 istam
799 2346 831 2412 vi
846 2333 968 2431 magud
977 2345 1129 2413 invadere

239 2463 400 2529 decrevit:
423 2481 540 2547 quo-ex
555 2461 691 2539 decreto,
707 2453 767 2524 tria
780 2459 946 2526 hominum
960 2461 1072 2539 millia,
1087 2460 1130 2526 ad

240 2576 409 2643 Canadam
428 2574 624 2662 pacandam,
639 2573 772 2639 ducibus
792 2550 951 2658 Schuyler
971 2585 1003 2638 et
1023 2575 1129 2640 Mont-

241 2709 382 2774 gomery,
408 2691 431 2755 b
461 2688 643 2772 congressu
670 2687 889 2752 mittebantur.
937 2688 991 2754 Ad
1020 2688 1130 2754 lacum

240 2803 437 2890 Champlain'
458 2801 640 2879 tendebant,
655 2800 792 2886 indeque
806 2801 942 2866 navibus
963 2801 1006 2866 ad
1028 2804 1129 2868 Sanc-

240 2926 311 2981 tum
324 2917 507 2992 Joannem,¹
518 2913 695 2999 presidium
708 2915 846 2999 primum
860 2915 1081 2979 Britannicum
1095 2915 1130 2978 in
1246 2937 1250 2948 ·

243 3027 389 3092 Canadb.
424 3053 435 3074 ν

286 3139 460 3225 Exporitis⁸
468 3137 619 3202 militibus
630 3139 839 3217 Americanis,
851 3137 1129 3225 propugnaculum

274 3316 283 3350 1
299 3309 377 3370 Eques
386 3308 509 3372 daglictcr,
520 3309 572 3356 “an
579 3305 681 3372 English
688 3305 783 3372 Knight
791 3311 815 3370 ;”
825 3306 930 3358 thiswas
938 3307 977 3356 Sir
983 3305 1129 3371 Guycarle-

243 3391 294 3447 ton,
304 3383 366 3446 who,
375 3390 401 3433 to
417 3384 458 3434 the
471 3389 575 3450 greaoest
583 3383 650 3434 valor
664 3383 713 3434 and
728 3383 831 3450 military
840 3384 981 3449 reputabor,
991 3381 1074 3433 united
1089 3383 1130 3434 tbe

243 3469 308 3526 most
316 3469 480 3515 comumnes
488 3459 614 3528 bummity
621 3461 670 3512 and
676 3461 1062 3528 generositytothovanquishedr
1080 3467 1130 3514 tuo

244 3539 355 3606 qualities
364 3538 444 3588 which
458 3538 544 3590 should
557 3555 612 3598 ever
621 3539 791 3605 preponderatc
800 3539 826 3589 in
835 3539 876 3590 the
891 3540 1013 3590 character
1023 3538 1051 3590 os
1061 3539 1130 3592 those

245 3617 300 3666 who
304 3615 383 3665 follow
387 3614 428 3665 the
434 3613 565 3681 mfesrion
572 3615 599 3667 of
604 3615 802 3681 Arma-Eques,
808 3632 835 3668 or
843 3617 914 3678 ardu,
922 3615 943 3664 is
950 3615 1049 3668 modern
1055 3615 1129 3669 Latin

244 3693 281 3746 t'or
290 3693 404 3756 abrtght.

276 3779 289 3816 a
305 3771 416 3820 suctum
423 3769 558 3819 lamnam*
590 3771 646 3820 “St
656 3769 764 3820 John’cr
1010 3819 1013 3824 ,

277 3856 289 3894 a
303 3849 428 3915 Expositis,
438 3845 532 3914 “being
540 3843 629 3899 lauded
635 3851 659 3911 ;”
674 3848 807 3899 temdus
816 3844 837 3897 'ra
846 3845 997 3898 understood

678 3931 697 3974 b*
