2840 4684
496 489 747 536 wasnnroronu
771 491 859 536 vrri.
1077 472 1120 536 77

238 633 500 719 Washingtonius
524 635 655 719 trajecit.
702 635 755 701 Ad
777 635 977 700 Gulielmum
991 634 1119 718 Living-

236 750 376 812 stonium
409 749 561 812 Caescreae
600 749 697 814 Novae
728 750 979 814 Gubernatorem
1014 748 1121 810 literas

235 861 365 946 scripsit,
380 859 414 924 in
434 862 549 943 quibus
563 861 710 924 militiam
726 860 768 924 ad
788 863 868 924 fines
883 861 1032 924 tutandos
1046 881 1121 936 evo-

235 973 309 1050 ceri,
325 991 437 1056 pecora
451 983 482 1035 et
504 973 704 1058 omniaque
720 973 763 1036 ad
776 973 898 1038 victum
921 974 1120 1058 pertinerent,

235 1084 276 1146 ab
297 1087 353 1148 ore
373 1085 533 1149 maritimh
556 1087 693 1150 amoveri
712 1086 808 1169 jussit
830 1087 1003 1168 suasitque.
1050 1088 1120 1150 Sub

235 1196 296 1259 hoo
317 1207 453 1281 tempus,
468 1197 744 1283 propugnaculum
758 1197 1039 1280 Washingtonium
1062 1220 1120 1262 ex·

235 1322 425 1392 pugnatum,
434 1309 687 1394 praesidiumque,
695 1311 780 1394 quod
790 1331 831 1374 ex
844 1310 981 1394 amplius
994 1311 1120 1374 duobus

235 1421 402 1486 hominum
426 1421 562 1484 millibus
589 1424 764 1500 constabat,
789 1425 858 1488 unh
887 1443 963 1486 cum
986 1423 1121 1505 legionis

235 1533 373 1597 tribuno¹
389 1533 531 1617 Magcw,
546 1536 568 1599 h
583 1535 742 1600 Britannis
757 1547 898 1621 captum.

277 1647 423 1726 Nullum,
439 1658 549 1733 praeter
574 1648 645 1726 hoc,
666 1649 847 1732 praesidium
872 1649 981 1712 insula
1000 1649 1120 1713 Ebora-

233 1761 320 1822 censi
332 1771 400 1824 erat
414 1762 622 1838 Americanis‚
639 1761 735 1843 idque
756 1761 876 1826 diutius
889 1773 1006 1839 tenere,
1022 1783 1121 1826 vecu-

233 1871 322 1934 andi²
351 1873 583 1957 recipiendique
610 1873 722 1936 rationi
751 1875 895 1936 maxime
928 1875 1120 1940 contrarium

233 1983 302 2046 fuit
348 1985 473 2064 Magna
485 1983 767 2064 Washingtonium
781 2005 851 2066 spes
866 1986 1004 2061 tenebat,
1021 1985 1121 2046 hocce

235 2093 415 2180 praesidium
426 2092 552 2157 delendi
564 2115 671 2178 posse;
698 2115 859 2178 navesque
872 2095 1036 2176 Anglicas,
1048 2116 1120 2177 quae

234 2207 355 2271 fluenta
377 2207 631 2292 septentrionalia
652 2208 804 2290 navigare
828 2217 1063 2284 consueverant,
1079 2209 1120 2272 ab

234 2319 295 2382 hoc
310 2319 545 2404 propugnaculo
557 2319 699 2406 impediri
713 2341 803 2404 possa
816 2320 1000 2384 confidebat.
1048 2320 1121 2386 Hoc

233 2433 469 2518 propugnaculo
481 2445 582 2518 capto,
595 2453 749 2516 aggerem
764 2433 854 2511 Lee,⁸
864 2433 953 2499 litore
968 2433 1120 2498 cesaree

234 2547 342 2623 situm,
354 2565 492 2608 vacuare
503 2545 684 2610 decretum:
708 2557 743 2608 at
755 2548 937 2629 priusquam
947 2558 1119 2631 apparatus

234 2658 366 2722 bellicus
388 2659 524 2723 amoveri
540 2669 670 2742 poteret,
688 2658 883 2734 Comwallis,
901 2658 1029 2722 Comes*
1049 2660 1118 2723 Bri.

235 2780 362 2848 tonnus,
375 2789 451 2833 cum
461 2791 518 2833 sex
528 2771 696 2834 hominum
711 2769 849 2834 millibus
859 2771 979 2834 flumen
992 2782 1118 2856 septen-

235 2882 365 2946 trionale
380 2883 512 2966 trajecit.
559 2883 621 2946 Hic
636 2884 752 2947 fluvius
765 2883 944 2947 Caesaream
959 2885 1118 2950 Novamh

236 2995 458 3057 Neo-Eboraco
473 2993 590 3058 dividit.

220 3121 225 3134 ³
267 3117 275 3150 ¹
291 3111 401 3172 Legionis
410 3113 507 3160 tribuno.
538 3111 637 3162 Colonel
647 3113 757 3177 Megaw,
766 3115 807 3162 the
816 3113 986 3178 commanding
996 3113 1076 3161 officer
1088 3110 1116 3162 of

235 3185 293 3234 Fort
306 3185 477 3250 Weshington,
492 3201 524 3236 cn
541 3188 613 3238 York
629 3189 718 3250 island,
733 3205 785 3238 was
804 3190 917 3254 certainly
932 3189 1071 3238 censurable
1090 3188 1116 3238 in

235 3262 402 3328 surrendering
417 3263 469 3313 that
484 3271 552 3329 post;
570 3281 605 3326 as,
619 3267 653 3330 by
662 3282 678 3314 a
693 3267 785 3330 gallam
800 3267 903 3328 deleme,
917 3267 937 3316 it
952 3282 1004 3315 was
1020 3265 1116 3314 teneble

235 3339 331 3404 against
339 3355 388 3404 any
397 3339 459 3390 force
469 3341 548 3392 which
557 3341 598 3391 the
612 3342 699 3392 British
708 3343 778 3392 oorrld
788 3344 842 3394 well
851 3345 944 3406 detaoh,
954 3350 980 3392 ct
989 3342 1041 3392 that
1050 3341 1114 3402 time,

234 3415 331 3480 against
340 3415 364 3465 it.

265 3501 277 3537 a
297 3493 419 3555 Vocrmdi,
431 3498 481 3556 qa,
492 3499 562 3545 “wes
572 3496 698 3562 especially
708 3506 873 3564 repugnantto
882 3498 986 3563 theplan
996 3495 1113 3547 oleracn·

235 3569 302 3635 aling
311 3569 360 3618 and
369 3570 500 3636 retreah'ng,
511 3572 619 3638 adopted,
630 3582 656 3625 at
664 3575 717 3625 that
725 3575 790 3638 time,
799 3578 832 3641 hy
841 3576 1028 3638 Wsshington”

265 3654 277 3688 8
290 3647 406 3710 aggerem
415 3648 468 3696 Lee.
499 3651 515 3677 ‘⁴
522 3649 579 3699 Fort
587 3650 661 3714 Lee,”
671 3652 774 3702 situcted
783 3668 815 3702 on
825 3653 865 3702 the
874 3653 958 3714 Jersey
968 3649 1043 3700 shore.

266 3733 276 3767 ⁴
295 3724 381 3784 Ocnus,
393 3726 435 3784 hc.
465 3721 507 3772 Aa
519 3725 567 3774 eorl
577 3737 697 3791 orcount;
715 3745 742 3780 so
752 3729 828 3780 called
843 3730 944 3778 heccum
953 3726 1010 3791 they
1019 3742 1115 3778 acoom·

235 3798 321 3865 panied
330 3799 370 3853 the
380 3799 450 3866 hingo
460 3815 492 3850 on
503 3800 564 3852 their
572 3802 673 3868 nihary
683 3804 833 3869 expeditione.

636 3888 679 3936 02
