2840 4684
261 479 302 544 86
517 498 766 545 wssnmerorrrr
788 501 875 544 vrrs.

261 641 418 727 nipulum,
432 642 472 705 ad
486 641 603 722 locum,
615 652 680 727 quo
695 643 762 707 dux
775 644 839 708 Lee
854 643 957 729 copias
970 643 1138 729 perducere

260 775 383 839 prorsus
407 757 571 834 abnuerat,
596 759 615 821 b
640 757 774 839 vestigio
799 756 939 820 deduxit.
986 757 1051 820 Sub
1078 757 1138 821 hoc

263 878 395 953 tempus,
411 869 646 952 Washingtorrii
662 869 828 946 exercitus,
844 865 1140 954 septentrionalium

261 980 422 1064 copiarum
443 981 633 1059 accessione,
656 981 887 1065 aliquantulum
911 981 1068 1046 adauctus
1089 983 1139 1046 fir-

260 1102 438 1176 metusque.

304 1205 470 1286 Exercitus
480 1207 693 1272 Americanus
705 1206 774 1291 jam
786 1227 828 1269 ex
838 1217 957 1291 septem
971 1207 1140 1270 hominurn

260 1316 401 1381 millibus
426 1320 600 1395 constabat,
624 1319 692 1395 etsi,
711 1318 788 1381 dum
811 1339 879 1382 sese
901 1340 955 1403 per
979 1318 1140 1382 Caesareas

226 1423 230 1428 ’
260 1430 432 1515 reciperent
446 1431 639 1507 Americani,
654 1430 742 1493 istius
757 1430 881 1493 numeri
895 1433 960 1494 fere
977 1412 1141 1515 nunquam

260 1541 427 1606 dimidium
452 1542 629 1625 exaequavit
649 1559 759 1605 eorum
781 1543 946 1606 exercitus.
992 1543 1141 1606 Flumine

261 1653 427 1717 Delaware
437 1654 630 1739 interposito,
641 1654 704 1717 duo
714 1654 870 1718 exercitus
880 1654 1138 1738 sejungebamur.

261 1766 415 1844 Britones,
431 1767 523 1830 rebus
546 1767 694 1830 secundis
716 1767 801 1844 clati,
827 1767 931 1850 copias
957 1768 1142 1850 peremnia

260 1880 325 1942 fere
353 1879 466 1964 oppida
495 1890 527 1942 et
555 1880 730 1965 municipia
764 1880 914 1944 Caesarcae
944 1877 1140 1956 distraxerc;

261 1992 374 2077 quippe
389 1993 442 2075 qui
457 1993 491 2056 in
502 1993 772 2076 Pennsylvaniam
794 1991 973 2078 propediem
989 1993 1141 2076 trajicere,

261 2106 508 2190 ponte'glaciali,
525 2107 734 2172 confidebant.

264 2259 267 2266 ·
306 2221 451 2296 Quorum
475 2220 514 2282 de
529 2221 591 2283 situ
606 2231 639 2283 et
657 2218 860 2283 multitudine
882 2218 1037 2282 simulac
1061 2237 1143 2280 nun-

263 2332 330 2394 cius
341 2342 501 2414 acceptus,
508 2330 771 2412 Washingtoniu
781 2329 897 2392 dixisse
908 2332 1015 2405 fertur,
1028 2335 1142 2390 “nunc

263 2441 330 2504 alas
345 2440 541 2525 praecidendi,
552 2440 631 2503 dum
647 2452 713 2502 tam
728 2440 794 2504 late
810 2439 1003 2515 dividuntur,
1020 2439 1143 2502 occasio

264 2564 436 2639 opportuna
451 2553 540 2616 nobis
556 2551 690 2616 oblata.”
737 2539 894 2626 Quocirca
908 2551 1026 2613 flumen
1047 2549 1143 2613 Dela-

263 2687 347 2728 ware
362 2665 466 2730 denuo
481 2665 632 2748 trajicere,
648 2664 817 2746 hostesque
833 2663 873 2728 ad
885 2662 988 2747 ripam
1002 2663 1143 2728 fluminis

264 2780 397 2842 alteram
417 2777 547 2861 aggredi
562 2778 709 2843 decrevit.
754 2776 874 2840 Mensis
889 2775 1071 2838 Decembris
1092 2774 1143 2837 die

264 2893 417 2974 vigesimo
443 2891 562 2974 quinto,
589 2891 646 2954 sub
672 2900 808 2967 noctem,
833 2888 1000 2973 tripartito,
1024 2888 1144 2950 flumen

264 3004 450 3089 trajiciendi,
473 3003 638 3069 consilium
663 3004 746 3087 oepit
770 3002 981 3088 perfecitque:
1005 3011 1037 3063 ct
1058 3000 1143 3063 onrni

265 3118 403 3182 exercitu
425 3119 480 3181 vix
501 3117 627 3180 tandem
650 3118 812 3200 aegerrime
836 3113 1028 3190 transmisso,
1042 3113 1144 3196 bipar-

265 3233 323 3296 tito
349 3251 466 3314 agmen
490 3230 633 3295 incedere
658 3230 762 3315 coepit,
787 3237 828 3305 et,
852 3227 996 3310 quamvis
1016 3226 1145 3290 diversis

266 3347 424 3409 itineribus
444 3343 484 3407 ad
499 3343 605 3406 hostes
627 3342 864 3416 contenderant,
879 3338 1000 3415 eodem,
1023 3349 1143 3416 tamen,

191 3513 199 3530 J
266 3458 413 3543 temporis
438 3467 566 3540 puncto,
588 3475 697 3519 omncs
722 3455 756 3516 in
777 3452 916 3517 hostium
942 3459 1144 3535 conspectum

266 3576 391 3637 vendre.
437 3570 507 3634 Etsi
529 3571 597 3654 jam
620 3568 714 3652 plane
736 3565 941 3640 lucescebat,¹
963 3564 1080 3640 hostes,
1096 3572 1144 3624 tc-

346 3804 514 3866 reuocate,
524 3802 564 3854 “it
573 3817 625 3852 was
641 3798 779 3868 daylight;”
795 3813 827 3848 an
836 3794 979 3862 impersoncl
988 3796 1050 3846 verb.
