2824 4670
331 399 395 464 214
586 417 839 468 wrsmrmrorur
862 421 962 468 vira·

613 859 927 929 PERORATIO.

505 1112 729 1177 LECTORI
762 1113 1039 1176 BENEVOLO

651 1279 889 1336 SALUTEM.

372 1516 623 1581 Cnnrnnrrnru1¹
647 1517 837 1583 GEORGII
860 1518 1213 1596 WASHINGTONH,

327 1628 493 1719 civitatum
522 1628 747 1692 soederatamm
775 1629 1044 1692 Americanarum
1074 1629 1215 1714 praesidis

326 1740 428 1824 primi,
444 1741 556 1818 vitam,
572 1739 664 1805 Latio
686 1739 848 1820 donatam,
863 1741 1045 1804 mortalium
1068 1740 1214 1802 omnium

325 1852 457 1938 primus,
482 1853 516 1917 in
538 1875 616 1916 usus
639 1853 850 1932 academicos,
873 1852 1070 1918 scribendam
1092 1852 1212 1917 curavi.

325 1963 406 2030 Duae
422 1987 474 2030 me
491 1988 596 2030 causa
615 1966 656 2030 ad
674 1965 735 2031 hoc
752 1989 831 2052 opus
847 1967 992 2032 maxime
1008 1965 1214 2050 impulemnt‚

325 2091 372 2157 ut,
383 2082 510 2165 nempe,
525 2080 689 2145 clarissimi
703 2081 764 2144 viri
778 2081 846 2144 vita
859 2079 1019 2143 latinitate
1035 2079 1214 2156 donaretur,

325 2204 425 2276 utque
448 2193 489 2257 de
503 2193 622 2276 lingua
643 2194 770 2270 Latina,
787 2214 841 2256 me
862 2193 968 2278 ipsum
990 2192 1033 2258 ad
1054 2214 1132 2277 opus
1151 2191 1216 2255 tale

305 2333 310 2348 ·
325 2304 532 2386 accingendo,
548 2306 630 2369 bene
645 2325 807 2368 merorem.

370 2416 490 2492 Quam,
506 2429 589 2492 vero,
602 2416 694 2490 bene,
706 2425 738 2477 et
753 2416 884 2480 feliciter
910 2415 1099 2498 opusculum
1114 2415 1215 2480 hocce

324 2529 499 2613 perfectum
514 2527 564 2604 sit,
577 2526 631 2589 alii
642 2525 788 2610 judicent
801 2548 808 2591 :
833 2526 894 2590 hoc
910 2530 1038 2591 tantum
1050 2528 1215 2595 verissime

325 2638 427 2702 dicere
447 2660 587 2724 possum,
602 2659 655 2701 me
671 2639 854 2724 scriptorem
869 2650 928 2703 aut
942 2639 1058 2704 libmm
1075 2641 1214 2721 nullum,

325 2751 406 2816 inter
433 2751 645 2830 scribendum,
667 2751 883 2816 consuluisse:
915 2752 1080 2836 quidquid,
1105 2754 1213 2837 igitur,

325 2863 442 2949 scripsi,
459 2864 642 2928 memoriter
656 2868 784 2929 tantum
798 2864 963 2949 protulisse
978 2865 1037 2930 aio.

370 2977 546 3041 Doctorum
576 2977 706 3041 laudem
737 2990 862 3063 exopto,
889 2978 1099 3059 indoctorum,
1126 2986 1214 3060 vero,

325 3089 455 3155 laudem
470 3101 503 3153 et
517 3091 783 3175 vituperationem
794 3091 892 3175 juxta
907 3093 1039 3156 aestimo.
1080 3092 1151 3157 Hoc
1166 3113 1215 3156 so·

324 3201 395 3266 lum
420 3203 537 3282 dicam,
559 3224 621 3281 me,
650 3203 689 3267 de
714 3203 882 3294 literatura
909 3204 1106 3269 Americand
1130 3206 1214 3272 bene

326 3316 438 3379 mereri
453 3316 589 3379 voluisse
601 3337 610 3394 3
635 3317 761 3394 tirones,
774 3323 874 3402 porro,
885 3327 917 3380 et
929 3317 1080 3395 indoctos,
1093 3317 1214 3382 labores

357 3523 367 3558 ¹
386 3517 537 3578 cccmus
549 3518 599 3577 esc,
610 3516 650 3577 “l,
660 3515 713 3564 first
721 3514 749 3566 of
759 3514 792 3564 all
801 3515 938 3577 monhore
953 3515 1027 3566 taken
1037 3531 1091 3566 care
1106 3517 1159 3566 that
1173 3515 1214 3565 the

325 3593 366 3644 life
375 3592 404 3642 of
415 3593 454 3642 tho
469 3599 534 3642 most
548 3591 681 3642 celebrated
691 3593 787 3656 Georgo
796 3591 970 3658 Washingtou,
982 3592 1035 3643 first
1049 3592 1170 3658 president
1183 3591 1213 3642 of

326 3671 366 3721 the
375 3669 466 3719 United
476 3669 557 3719 States
563 3668 592 3719 of
597 3669 717 3732 Amerina,
728 3669 854 3734 presented
863 3669 923 3719 with
931 3669 1030 3720 Latium
1042 3669 1145 3732 (clothed
1154 3666 1213 3720 with

326 3745 445 3813 Latinity)
457 3746 492 3798 for
501 3748 542 3799 the
551 3746 634 3799 uscos
643 3745 799 3810 universities,
810 3746 896 3799 should
905 3748 936 3797 be
945 3745 1062 3798 written.”
