2840 4684
498 501 751 549 wirurrrerorrrr
775 502 863 547 vrrs.
1061 482 1122 546 tto

242 645 423 724 dolendum,
446 650 589 710 causam¹
612 645 736 710 frederis
759 645 896 710 violandi
920 655 985 710 tam
1004 645 1124 729 justam

241 760 401 826 Britannis
426 781 503 837 esse,
517 761 678 843 quhmque
699 760 838 843 turpiter,
855 781 897 822 ex
919 778 1023 821 rerum
1045 758 1124 822 diffi-

241 874 373 951 cultate,
389 873 478 935 nobis
492 872 685 956 agendum.’'
731 873 815 936 Cum
834 873 971 956 primhm
986 871 1125 956 praesidis

240 985 380 1048 officium
405 986 579 1069 accepisset
604 984 876 1068 Washingtonius,
891 984 1011 1048 ratione
1037 984 1126 1048 omni

240 1096 298 1158 sibi
323 1097 487 1162 nitendum
512 1099 654 1182 putabat,
670 1108 718 1175 ut,
733 1096 809 1179 quid
831 1096 951 1159 consilii
975 1107 1126 1181 caperent

240 1207 395 1287 Britanni,
412 1208 539 1292 quidve²
555 1208 594 1272 de
619 1211 711 1274 rebus
737 1209 936 1273 Americanis
961 1211 1124 1286 sentirent,

241 1332 438 1406 compertum
465 1322 605 1385 heberet.
652 1322 725 1385 Hae
748 1320 788 1383 de
813 1341 856 1398 re,
879 1320 1020 1384 domino·
1041 1323 1126 1385 Mor·
1146 1383 1149 1390 ,

241 1433 324 1511 risio,
351 1433 420 1519 (qui
444 1434 614 1519 Europam,
638 1434 830 1518 quibusdam
856 1434 895 1498 de
921 1435 1034 1512 causis,
1057 1455 1125 1520 pro-

240 1548 342 1610 fectus
379 1545 509 1632 fuerat)
548 1549 714 1630 negotium
751 1548 1004 1631 mandatumque
1042 1546 1127 1610 dedit

240 1657 513 1743 Washingtonius.
560 1661 653 1736 Que⁴
679 1660 832 1725 mandata
859 1661 991 1725 fideiiter
1018 1680 1126 1744 capes-

240 1772 314 1835 sivit
336 1773 520 1863 Morrisius;
544 1783 588 1850 at,
614 1773 793 1850 Britannos,
810 1774 977 1838 civitatum
996 1772 1127 1837 foedera·

242 1895 348 1946 terum
371 1884 528 1947 voluntati
550 1883 638 1947 haud
665 1886 941 1968 obtemperaturos,
966 1884 1125 1967 comperit.

243 1995 328 2072 Post,
343 2002 429 2071 vero,
447 2016 547 2058 annos
561 1995 650 2074 duos,
667 2015 743 2058 curn
758 1996 912 2057 stabilitas
926 1998 1129 2076 firmatusque

243 2107 410 2172 civitatum
434 2105 659 2170 foederetarum
676 2106 847 2170 clarissime
872 2107 1127 2191 perspicerentur,

243 2219 399 2297 Britanni,
418 2218 594 2283 dominnm‘
618 2218 881 2296 Hammondium,
904 2219 1047 2302 legatum
1069 2218 1129 2304 pri-

243 2354 344 2410 mum,
370 2332 454 2397 ultro
480 2333 604 2398 misere.
653 2332 725 2407 Quo
751 2333 844 2410 sacto,
867 2332 1129 2416 Washingtonius

243 2466 356 2531 praeses
371 2444 534 2508 Thomem
547 2444 770 2528 Pinckneyum
785 2443 826 2508 ad
842 2441 1067 2508 Britannorum
1081 2465 1129 2509 re-

245 2580 321 2644 gern
339 2559 483 2642 legavit.⁸

275 2728 286 2763 ¹
305 2721 405 2771 caeos
416 2723 466 2782 40,
477 2718 1130 2784 “thattheBritishshouidhavesorighteousermon

243 2797 302 2860 for,”
315 2798 360 2847 &c

275 2883 288 2919 s
304 2877 400 2935 Quidve,
412 2875 463 2935 hc,
478 2875 527 2922 “or
535 2873 602 2923 what
609 2873 667 2937 they
679 2871 730 2934 (the
738 2871 837 2937 British)
849 2871 951 2937 thought
961 2872 990 2922 os
1000 2871 1131 2922 American

245 2950 348 3000 ὼ),

277 3028 409 3086 tomam,
429 3024 479 3074 Mr.
497 3025 654 3075 Gouverneur
672 3025 769 3088 Mortis,
787 3025 815 3075 os
830 3026 986 3087 Neu-York,
1006 3025 1059 3076 who
1078 3040 1131 3074 wau

245 3101 335 3153 carried
345 3109 371 3151 to
380 3101 474 3166 Europe
484 3115 516 3151 on
532 3102 623 3167 private
637 3101 755 3151 business.
787 3103 843 3152 The
858 3102 951 3152 natural
968 3102 1036 3151 order
1045 3101 1073 3152 os
1083 3101 1130 3151 thia

245 3187 359 3230 sentem
373 3178 394 3228 is
409 3178 480 3228 thus:
503 3179 693 3242 Warhtagtont'rra
707 3182 768 3230 dedit
780 3183 898 3244 negotium
911 3181 1094 3241 martemque,
1104 3181 1131 3228 de

245 3258 288 3306 Mc
297 3272 330 3316 re,
341 3257 429 3304 dupino
438 3257 556 3317 Morrier'o,
567 3259 614 3318 qui,
626 3259 669 3318 isc.

276 3342 287 3376 r
306 3334 374 3394 Quo,
386 3335 436 3394 ἅμ,
447 3332 546 3382 “which
556 3333 708 3383 commission
717 3332 807 3384 Morris
816 3332 934 3398 faithfully
943 3329 1079 3382 exacuam

276 3419 288 3456 t
304 3412 437 3472 Dorticum,
447 3410 497 3460 Mr.
507 3411 656 3472 Hammond‚
667 3412 723 3461 who
737 3426 789 3461 was
799 3411 839 3461 the
848 3411 901 3461 first
909 3408 1065 3460 ambassador
1077 3414 1132 3458 sent

246 3489 279 3553 by
288 3487 328 3537 the
337 3485 426 3538 British
436 3497 591 3552 govemment
599 3496 625 3539 to
634 3489 674 3538 the
684 3488 774 3539 United
785 3490 873 3541 states.

276 3571 288 3608 ⁸
304 3565 408 3628 Legeett,
419 3568 494 3616 “sent
504 3581 531 3615 ae
540 3582 572 3616 aa
582 3567 725 3616 murder
738 3582 766 3618 or
775 3569 874 3629 mooe?
889 3564 949 3618 from
958 3563 1037 3614 which
1050 3578 1131 3614 comes

246 3642 475 3705 thenountagrtuu
491 3641 1007 3711 thirmissionwasineonaequeaceoithe
1021 3639 1130 3708 previous

245 3718 331 3776 occos
342 3719 479 3774 tichritiah
487 3729 648 3784 novennem
866 3723 870 3732 ’

635 3806 686 3856 Μ
