2824 4670
307 457 368 529 188
560 478 812 527 wnsnrnororur
834 481 922 526 vrrs.

828 553 843 582 Ι

303 627 385 716 scria,
395 625 634 692 eumnrecione
644 625 871 710 rempublicam
882 622 1078 709 gubernandi
1087 625 1184 706 raeti,

303 758 447 816 evocare,
473 748 507 801 at
528 738 678 802 seducere
703 748 861 802 tentatum
887 739 969 816 fuit3
997 737 1184 822 perieulum,

302 861 424 928 autem,
447 852 542 914 inane
564 861 655 930 erat3
679 843 838 930 immotus,
861 851 968 916 madia
989 845 1184 936 tempestate,

302 985 385 1048 quaa
398 982 475 1028 eum
500 965 657 1048 cingebat,
681 982 803 1049 semper
826 965 1007 1048 permansit.
1053 963 1108 1028 Vis
1130 985 1187 1027 ex-

303 1087 393 1140 tama
416 1088 448 1140 et
469 1077 591 1140 insidia
605 1078 701 1144 facile
716 1079 954 1162 superabantur,
970 1089 1002 1140 et
1020 1078 1187 1141 insolentia

303 1190 539 1275 peregrinorum
553 1190 715 1254 ineassum
728 1201 803 1253 erat.
850 1191 1035 1267 Britanniae¹
1048 1207 1186 1271 magnae,

302 1321 351 1364 rer
366 1301 499 1385 injustas
509 1303 638 1386 petenti,
651 1302 863 1384 legationibus
876 1305 980 1385 magis
989 1305 1089 1386 qubm
1103 1301 1186 1364 bello

302 1415 480 1482 satisfacies
509 1413 632 1490 Gelliae,
662 1414 751 1490 item,
780 1414 1026 1478 moderatoribus
1043 1415 1186 1491 insanis,

302 1547 361 1590 nce
376 1527 495 1590 bellum
508 1545 566 1588 nec
581 1545 694 1609 pacem
707 1526 910 1604 minabatur3
928 1537 973 1604 at,
983 1546 1041 1590 seu
1056 1525 1187 1602 bellum,

302 1659 360 1702 seu
374 1652 437 1722 pax
451 1636 606 1714 inciderit,
617 1648 745 1722 paratus
756 1657 879 1722 semper
889 1639 962 1716 fuir,
976 1649 1068 1722 prout
1079 1635 1186 1721 populi

302 1750 415 1832 magni
425 1747 648 1832 magistratum
660 1768 835 1828 summum,
843 1750 899 1815 tali
910 1751 943 1814 in
953 1771 997 1828 re,
1008 1749 1185 1816 condecuit.

302 1862 398 1947 Apud
413 1874 583 1946 utramque
597 1863 707 1946 igitur,
724 1874 866 1946 gentem,
879 1863 961 1928 benc
977 1861 1154 1926 audiebat.¹
1200 1873 1202 1878 '

346 1974 487 2040 Proesirlis
502 1976 685 2040 nmericsni
707 1975 807 2040 officio
821 1963 970 2059 iungens,
987 1986 1098 2058 gentes
1119 1993 1188 2038 om.

302 2109 361 2154 nes
382 2089 415 2152 in
430 2109 508 2173 pace
525 2089 657 2167 arnicas,
672 2089 706 2152 in
720 2089 802 2154 bello
823 2089 969 2153 inimicas
990 2107 1059 2151 ease
1074 2087 1186 2150 voluit.

305 2201 547 2266 inimicitiarum
570 2213 724 2283 veterum¹
736 2201 832 2266 facilc
846 2201 1096 2278 obliviscebatur,
1113 2219 1188 2266 curn

304 2313 509 2376 commodum
520 2311 681 2396 publicum
694 2313 740 2374 ita
750 2313 1121 2396 postularat-Tempus,
1130 2333 1189 2376 au·

305 2434 381 2499 tem,
394 2443 451 2484 nos
464 2433 584 2498 monet,
598 2433 636 2484 ut
649 2422 850 2487 illustrissimi
862 2422 1100 2504 Washingtonii
1116 2424 1189 2485 vitas

304 2535 401 2599 finem
431 2535 654 2618 imponamus;
693 2534 910 2615 quamobrem,
928 2563 930 2573 ·
945 2534 991 2596 ita
1021 2533 1187 2612 iaciamus,

306 2647 413 2711 Deum
425 2647 583 2730 optimum
593 2647 774 2710 maximum
789 2644 955 2730 precando,
967 2657 1004 2709 ut
1014 2648 1189 2731 requiescat

305 2760 340 2822 in
354 2779 432 2842 pace
448 2759 640 2842 sempiterni
654 2757 740 2842 apud
753 2759 864 2822 beatos
878 2758 912 2822 in
928 2759 1030 2824 coelis‘

306 2971 361 3020 ever
370 2955 497 3028 continued
506 2955 628 3018 staadiast
638 2955 663 3006 in
673 2955 712 3008 tbc
721 2955 794 3006 midst
803 2955 831 3006 of
841 2955 882 3006 tha
890 2961 993 3028 tempest
1002 2955 1081 3006 which
1095 2971 1189 3006 cncom-

307 3031 395 3098 passed
404 3032 476 3082 hirm‘

325 3145 328 3152 .
338 3115 346 3152 ι
364 3111 501 3172 manu,
512 3113 563 3172 ra,
573 3110 624 3160 “he
634 3109 740 3160 musaeo
750 3110 828 3159 ureae
838 3108 938 3171 Britan,
947 3105 1095 3175 demandin'g
1108 3109 1190 3174 things

307 3187 359 3238 that
368 3201 430 3236 were
439 3187 620 3249 unreusonable,
630 3189 664 3252 by
673 3186 811 3248 mrbassioe,
821 3187 899 3238 rather
908 3186 967 3236 than
976 3191 1050 3240 πεῖθ’
1132 3183 1134 3191 ’

338 3272 350 3306 2
365 3263 429 3312 Beni
438 3265 548 3324 mairiu,
560 3265 576 3291 “
583 3261 706 3312 sustained
717 3279 732 3312 a
742 3263 804 3328 good
814 3263 935 3312 character
941 3267 965 3326 ;”
980 3261 1015 3312 for
1024 3263 1085 3325 rent,
1096 3279 1123 3312 or
1133 3262 1191 3312 malt

308 3341 394 3400 audire,
406 3339 444 3400 (rie
453 3355 477 3388 ae
492 3339 565 3405 being
573 3339 737 3402 understood,)
748 3339 769 3388 is
779 3345 805 3389 to
813 3339 874 3388 have
883 3355 898 3388 a
908 3337 970 3404 good
980 3356 1007 3390 or
1016 3339 1088 3390 abad
1103 3353 1188 3401 namc;

308 3416 416 3480 literally,
426 3422 448 3466 lo
457 3417 511 3466 beor
520 3418 579 3480 eeu,
589 3433 615 3466 or
624 3418 657 3479 ill,
668 3419 696 3480 as
705 3417 795 3480 ouaaalfi
