2824 4670
473 482 724 529 wtsmrrorourr
748 481 836 526 vrrs.
1034 459 1095 526 21¹

233 651 237 658 ’
258 628 303 696 At
323 628 381 693 Dei
406 628 515 712 optimi
537 626 672 692 maximi
693 647 826 690 munere
848 635 881 688 et
902 623 1099 711 providentia

213 742 335 804 factum
358 752 415 818 est,
429 751 476 818 ut,
490 740 576 825 apud
591 741 767 803 exereitum
784 759 860 806 oum
872 738 1002 822 imperio
1016 747 1099 800 esset

212 853 487 936 Washingtonius,
504 857 618 936 usque¹
636 852 726 929 dum,
741 851 882 916 hostibus
906 851 1023 933 ubique
1045 847 1100 914 de-

214 964 351 1042 bellatis,
366 985 477 1049 pacem
492 966 609 1029 virtute
623 965 816 1028 conciliaret.

257 1076 542 1160 Washingtonium
571 1077 598 1140 si
624 1098 699 1141 oum
724 1077 797 1139 viris
824 1075 894 1138 eliis
923 1071 1101 1159 temporum

213 1189 440 1272 preteritorum
463 1191 672 1266 conseramus,
689 1165 833 1252 omnibus
849 1189 944 1264 certe,
961 1187 1017 1268 qui
1040 1195 1100 1249 aut

213 1300 298 1384 apud
313 1312 433 1365 veteres
455 1301 530 1365 olim
550 1301 704 1379 claruere,
722 1312 778 1364 aut
800 1300 884 1385 apud
909 1297 1100 1362 recentiores

215 1411 284 1496 jam
308 1435 395 1478 nuno
422 1417 501 1478 aura
526 1414 665 1482 etherea
679 1425 866 1492 vescuntur,
880 1413 978 1495 longe
1001 1411 1103 1495 major

213 1525 620 1591 herosnosterinvenietur.
658 1528 710 1592 Ab
721 1526 877 1592 Aluredo²
887 1545 1015 1608 magno,
1027 1543 1103 1607 rege

212 1637 372 1716 Britanno,
391 1640 480 1704 haud
507 1641 648 1706 multhm
675 1640 798 1703 abludit
824 1638 1101 1721 Washingtonius.

214 1749 259 1816 Hi
273 1752 331 1815 viri
353 1732 591 1836 praeclarissimi,
603 1752 745 1836 justitie,
761 1751 962 1829 fortitudinis,
986 1761 1019 1814 et
1037 1750 1104 1834 pio·

215 1863 289 1924 tetis
305 1883 410 1955 amore
426 1864 567 1945 insignes
582 1866 682 1926 fuere.

259 1972 359 2036 Cum⁸
383 1973 545 2037 Aluredus
572 1994 689 2055 sagum
717 1976 795 2055 toga
822 1975 989 2048 mutasset,
1015 1971 1105 2036 male

214 2084 345 2168 majore,
362 2087 461 2166 quhm
484 2105 555 2166 quae
569 2083 815 2166 Washingtonio
836 2104 982 2165 unquam
1005 2084 1104 2147 couti·

215 2205 339 2278 gerant,
355 2216 519 2280 perpessus
535 2206 602 2274 est;
628 2215 775 2278 eumque,
791 2197 925 2258 formam
946 2206 979 2257 et
1001 2215 1104 2279 perso·

214 2327 291 2370 nam
307 2307 447 2370 alienam
462 2309 626 2385 mentitus,
643 2307 782 2372 hostium
796 2317 900 2370 eastra
919 2307 1103 2392 exploratus

214 2430 306 2497 esset,
322 2431 355 2482 et
370 2419 581 2504 suspicionem
596 2441 734 2498 omnem,
749 2419 825 2502 lyrae
840 2419 1019 2498 dulcedine,
1039 2421 1105 2484 evi-

214 2535 323 2610 thrset,
346 2533 592 2615 Washingtonio
615 2532 763 2597 audacior
780 2533 909 2596 forsitan
931 2533 1105 2596 existimari

215 2655 327 2728 potest.
376 2646 548 2723 Hostium,⁴
564 2657 685 2722 tamen,
707 2644 899 2721 Trentoniae,
915 2645 1001 2729 apud
1021 2645 1104 2710 Neo·

217 2756 444 2835 Caesareenses,
455 2769 585 2841 captura
596 2778 654 2822 nos
665 2756 797 2821 Aluredi
808 2777 856 2820 res
868 2769 974 2840 gestas
985 2768 1102 2823 monet.

259 2869 507 2952 Rempublioam
522 2869 790 2950 Washingtonius
812 2868 968 2932 ordinavit
986 2881 1017 2932 et
1039 2881 1105 2934 sta-

247 3021 256 3053 ¹
275 3013 359 3076 Usque,
372 3016 422 3074 de,
433 3013 522 3074 “until,
532 3014 572 3061 the
588 3028 676 3078 enemy
688 3013 762 3081 being
776 3015 928 3079 everywhere
943 3014 1103 3079 vauquished,

217 3087 373 3152 heproeured
382 3105 456 3153 peace
465 3090 499 3153 by
508 3088 545 3137 his
556 3090 642 3138 valor.”
925 3083 928 3090 ’

180 3167 194 3191 ‘
247 3167 381 3227 adlendo,
394 3168 435 3226 &a
447 3166 633 3230 “Weshington
650 3167 690 3216 did
700 3175 743 3218 not
758 3168 830 3218 much
846 3169 914 3218 differ
925 3171 961 3231 (to
977 3169 1103 3234 obormter)

216 3243 277 3293 l'rom
288 3242 371 3292 Alfred
381 3244 422 3293 the
432 3243 532 3305 Great”
542 3244 582 3292 the
592 3245 674 3292 Saxon
685 3245 754 3310 King
764 3245 792 3294 of
802 3245 920 3311 Englend.

247 3329 259 3364 t
277 3322 344 3381 erun,
356 3323 406 3382 da,
416 3320 509 3369 “when
520 3319 603 3369 Alsred
619 3320 666 3370 had
676 3323 787 3386 changed
797 3323 837 3371 the
847 3323 949 3387 military
957 3324 1011 3372 robe
1020 3321 1056 3372 sor
1065 3322 1106 3372 the

217 3412 297 3461 gown,
310 3395 410 3458 (thetis,
420 3396 469 3445 hed
479 3397 592 3445 assumed
601 3397 642 3446 tha
652 3400 711 3462 gerb
721 3399 749 3448 ol
760 3415 840 3464 peace,
852 3399 901 3448 and
911 3399 939 3448 os
947 3399 1009 3448 rural
1019 3415 1105 3448 avoea·

217 3474 300 3536 tione)
316 3473 347 3521 he
363 3472 468 3522 endured
484 3481 577 3537 greater
591 3473 743 3526 missenunes
758 3477 817 3526 dian
832 3476 898 3524 what
911 3474 959 3524 had
975 3491 1029 3524 ever
1043 3475 1104 3541 hap-

218 3549 295 3618 pened
305 3555 330 3598 to
340 3549 526 3614 Washington.”

249 3636 260 3671 r
276 3627 392 3687 Hostium,
405 3630 454 3688 da,
465 3627 526 3676 “the
536 3637 642 3692 captura,
652 3629 768 3691 however,
778 3628 807 3678 os
819 3629 857 3677 the
868 3643 954 3692 enemy
967 3629 1102 3692 (Heredem)

221 3705 260 3766 (ty
273 3703 437 3764 Wosbtogtoo)
449 3709 475 3752 at
485 3703 602 3768 Trenton,
612 3705 637 3755 in
648 3707 816 3772 New-Jersey,
826 3703 931 3755 reminds
941 3719 971 3756 us
981 3701 1054 3758 ofthe
1064 3719 1104 3758 ex·

220 3779 289 3845 ploits
300 3778 328 3830 of
338 3779 444 3829 Alfred.‘’
768 3794 775 3806 ⁶
805 3791 813 3804 ⁴
951 3775 970 3806 '⁰
986 3775 1006 3817 ’ἶ
