2824 4670
281 484 341 548 198
536 501 788 548 wssrnrvcronrr
813 503 900 548 vrrs.

277 665 362 724 men,
378 646 668 730 Wsshingtonium,
683 649 717 712 in
739 669 813 711 eum
830 647 960 731 gravius
982 669 1072 733 aeque
1093 649 1164 715 eni·

277 757 482 823 madvertisse
497 759 656 825 dicebant.

321 869 386 935 Αάι
411 874 572 956 prefectos
593 873 681 951 elios,
697 859 763 956 qui
777 895 845 937 sese
866 874 948 938 bello
970 874 1165 939 Americeno

275 983 516 1067 insigniverant,
527 1006 613 1048 nunc
626 986 804 1051 veniamus.
844 988 882 1051 ln
896 988 949 1066 eis,
962 989 1015 1072 qui
1028 987 1164 1052 libertati

276 1097 476 1160 Americenae
487 1098 658 1182 plurimum
668 1102 864 1184 profuerunt,
877 1102 940 1164 suit
950 1101 1018 1164 dux
1029 1103 1164 1180 Greene,

277 1207 316 1272 de
329 1210 447 1282 ,insuld
469 1211 632 1275 Rhcdensi
654 1213 814 1278 oriundus.
863 1215 919 1293 ls,²
942 1215 1167 1279 tremebundo·

276 1343 349 1386 rum
371 1345 505 1389 numero
520 1325 596 1388 clim
611 1325 749 1404 habitus
766 1347 880 1410 pacem
895 1327 1002 1391 duello
1021 1349 1166 1392 eommu-

276 1435 365 1500 tavit.
414 1423 711 1514 CumComwallis,
728 1439 843 1501 comite
859 1439 1023 1518 Britanno,
1040 1440 1168 1504 Ameri-

277 1569 432 1614 canorum
446 1549 695 1632 primus,⁸mquo
710 1550 816 1612 Marte
831 1552 999 1633 pugnavit.
1046 1551 1168 1616 Praeliis

277 1663 297 1724 e
319 1660 438 1736 multis,
462 1660 576 1742 quibus
597 1660 748 1739 interfuit,
763 1663 870 1739 victor,
888 1673 957 1741 eut,
974 1664 1098 1740 saltem,
1118 1663 1167 1726 in-

277 1771 445 1835 commodo
459 1792 555 1856 parvo
570 1784 710 1858 eccepto,
725 1785 762 1836 ut
777 1774 961 1859 plurimum,
977 1775 1131 1839 discessit.
1160 1819 1162 1826 ι

320 1884 536 1950 Fortissimus*
557 1887 628 1972 jure
650 1887 839 1966 habebatur,
863 1891 990 1967 cautus,
1016 1887 1167 1974 prudens,

276 1998 320 2062 rei
345 1998 487 2064 militaris
512 2001 729 2085 peritissimus
753 2001 827 2065 vitee
849 2002 1084 2085 integerrimus,
1107 2000 1170 2064 dis-

278 2111 399 2195 ciplinae
414 2113 560 2192 militaris
575 2115 721 2180 maxime
737 2134 861 2193 amans,
878 2115 984 2198 glories
1005 2126 1168 2200 appetens,

256 2223 349 2296 ,vites
368 2206 527 2306 profusus,
554 2227 662 2288 audax
683 2228 717 2288 in
742 2228 899 2308 periculis,
925 2229 1068 2310 pecuniae
1095 2249 1177 2290 eon-1

277 2344 423 2418 temptor.
472 2335 640 2418 Optimum
661 2334 700 2396 de
722 2357 760 2396 eo
777 2335 937 2418 judicium
958 2338 1033 2399 fecit
1054 2339 1176 2400 Wesha

278 2446 451 2529 ingtonius,
467 2455 500 2508 et
513 2465 619 2508 rerum
634 2445 851 2508 maximarum
867 2467 982 2508 curem
998 2448 1028 2509 ei
1044 2447 1171 2512 credere

279 2579 345 2624 non
355 2559 532 2622 verebatur.
578 2557 747 2621 Felicitate
763 2560 905 2635 summe,
916 2558 1028 2622 multis
1043 2559 1077 2622 in
1093 2581 1178 2645 praee

279 2671 330 2734 liis
344 2692 430 2748 usus,
441 2671 569 2734 virtute⁵
586 2669 664 2732 adeo
679 2669 799 2734 invicte
814 2681 883 2754 poet
896 2669 1022 2734 cladem
1038 2673 1108 2751 fuit,
1123 2685 1170 2752 ut,

281 2802 356 2846 cum
378 2782 506 2867 pulsum
522 2794 553 2845 et
569 2783 693 2867 penitus
708 2785 859 2866 fugatum
876 2804 951 2846 eum
974 2784 1082 2848 hostes
1106 2806 1171 2850 ere·

313 2997 322 3032 1
336 2991 382 3052 dd,
395 2992 445 3052 dc,
461 2991 477 3018 “
484 2989 518 3042 let
527 3005 557 3040 us
566 3005 623 3040 now
633 3005 701 3040 corne
711 2996 736 3039 to
745 2989 812 3040 other
821 2989 923 3053 officere,
934 2989 990 3040 who
999 2989 1173 3058 distinguished

281 3066 426 3117 themselves
435 3066 460 3116 in
470 3067 511 3116 the
521 3066 652 3116 American
662 3071 736 3117 wsr.”

313 3161 365 3222 sis,
375 3162 425 3222 dc,
434 3162 449 3188 “
454 3159 493 3222 he,
501 3158 612 3224 formerly
617 3159 751 3209 sccounted
758 3175 848 3225 among
855 3159 896 3208 tlre
902 3161 1005 3208 number
1011 3159 1040 3209 el
1045 3161 1173 3226 quakers.”

313 3259 326 3295 s
339 3253 442 3314 Primus,
454 3254 504 3314 dec,
516 3251 575 3312 “he‚
588 3251 715 3316 (Gneus)
727 3251 778 3300 first
787 3251 816 3301 ol
826 3251 869 3300 the
879 3249 1031 3313 Americens,
1041 3251 1126 3316 fought
1141 3267 1174 3302 en

283 3329 355 3396 equsl
364 3335 438 3380 terme
448 3328 507 3378 with
516 3328 667 3391 Comwsllis,
678 3345 711 3378 en
721 3328 823 3394 English
832 3328 905 3377 esrl.”

314 3430 325 3466 t
342 3422 499 3482 Fortissimus,
515 3424 566 3482 dfe,
576 3421 628 3470 “he
643 3437 695 3470 was
707 3420 783 3485 justly
793 3419 913 3470 esteemed
929 3426 993 3470 most
1007 3421 1088 3480 breve,
1099 3435 1175 3485 wsry,

284 3498 395 3564 prudent,
405 3514 463 3563 very
473 3495 560 3548 skilled
573 3497 600 3546 in
616 3497 656 3546 the
666 3503 703 3546 ert
712 3497 740 3546 ol
751 3512 809 3557 wer,
821 3503 886 3545 most
900 3495 996 3561 upright
1010 3495 1035 3544 in
1050 3496 1088 3545 his
1102 3496 1149 3558 lise,
1159 3512 1176 3546 s

284 3575 356 3638 lover,
366 3575 503 3642 especially,
514 3574 542 3624 ol
553 3575 655 3639 military
665 3573 795 3638 discipline,
805 3572 912 3622 desimus
928 3573 956 3622 os
967 3574 1042 3639 glory,
1053 3572 1131 3623 lsvish
1146 3571 1176 3624 ol*

285 3652 323 3706 his
332 3651 377 3715 lite,
388 3653 551 3704 adventurous
560 3652 585 3702 in
594 3652 706 3716 dengem,
718 3650 849 3716 sdespiser
859 3649 887 3699 os
898 3655 1008 3716 money.”

317 3753 330 3791 t
348 3745 443 3807 verses,
455 3747 505 3807 dc,
516 3745 567 3796 “he
581 3759 633 3794 uss
645 3743 672 3806 (a
686 3745 758 3802 men)
770 3741 799 3792 of
810 3757 837 3795 so
852 3739 981 3792 invincible
995 3755 1103 3811 ccursge
1115 3737 1177 3792 affl*

288 3818 389 3873 delest”
