2840 4684
472 476 722 522 ussuruororur
745 477 832 523 vrrs.
1049 458 1086 520 91

217 622 428 690 Maidenheed
438 635 670 710 nuncupatum,
681 624 855 688 incolumes
865 626 928 686 fere
938 621 979 685 ad
989 643 1090 686 unum

216 738 406 820 perterrere.²

259 848 339 912 Aliae
354 847 499 930 legiones
515 846 595 925 dua,
610 848 678 910 sine
701 850 800 924 mora,
816 857 872 910 aut
894 845 1094 910 incommodo

215 959 281 1022 ulio
306 959 527 1023 Brunsvicum·
542 962 720 1042 pervenere.
767 959 947 1041 Imperator,
971 967 1091 1033 temen,

217 1069 429 1146 Britannicus,
437 1070 495 1133 hoc
503 1067 1093 1153 tamimprovisorepentinoqchash·

217 1181 350 1262 ingtonii
378 1181 465 1244 nisu²
495 1180 573 1243 adeo
602 1181 804 1244 vehementer
834 1181 1029 1257 exturbatus,
1056 1190 1094 1242 ut

217 1292 424 1356 Trentoniam
448 1292 616 1375 reliquerit,
633 1313 766 1376 cumque
788 1292 927 1355 exercitu
948 1292 1093 1355 universo

217 1404 428 1473 Brunevicum
444 1404 644 1468 contenderit.
683 1407 731 1469 Ita
745 1383 840 1469 unius
855 1404 953 1489 spatio
967 1405 1093 1480 mensis,

216 1517 317 1580 omnis
342 1517 491 1582 Cesarea
506 1518 603 1583 Novae
621 1539 692 1604 pers
706 1517 773 1597 illa,
789 1518 998 1583 Brunsvicum
1015 1517 1094 1582 inter

216 1640 249 1690 et
270 1629 388 1692 flumen
411 1629 579 1693 Delawere
610 1631 721 1715 posita,
744 1633 766 1696 a
788 1631 883 1716 copiis
905 1629 1095 1694 Britannicis

216 1752 380 1824 occupate,
396 1741 574 1826 iterumque
591 1743 631 1804 ab
646 1742 842 1818 Americanis
857 1754 981 1827 recepte
996 1753 1028 1806 et
1048 1763 1095 1805 re·

217 1863 366 1935 superata
381 1853 450 1917 fuit.
484 1853 640 1934 Omnibus
653 1852 686 1916 in
697 1853 783 1930 locis,
798 1875 876 1936 quas
891 1853 1096 1936 Washingto-

217 1963 289 2025 nius
304 1965 344 2025 ab
358 1963 499 2027 hostibus
514 1974 682 2048 receperat,
692 1964 787 2026 firmis
802 1965 946 2047 praeeidiis
957 1964 1096 2040 relictis,⁸

218 2094 293 2136 cum
314 2073 432 2155 reliquo
447 2074 588 2137 exercitu
602 2073 753 2151 recedere,
770 2085 802 2136 et
817 2074 1042 2158 impedimenta
1057 2074 1096 2137 ab

217 2185 358 2248 hostibus
370 2185 478 2262 tutari,
490 2185 593 2248 satius
603 2185 716 2249 visum.
748 2185 876 2268 Resque
890 2189 998 2269 gestae⁴
1013 2206 1097 2250 anno

219 2296 336 2361 Christi
364 2297 532 2361 millesimo
556 2298 833 2381 septingentesimo
863 2297 1098 2382 septuagesimo

217 2419 307 2472 sexto
331 2429 445 2492 pauca,
471 2408 561 2473 Novo
587 2409 740 2474 Eboraco⁸
768 2421 909 2496 excepto,
933 2408 1097 2474 commoda

218 2521 377 2585 Britannis
392 2521 539 2586 attulere.

249 2723 258 2756 1
274 2715 406 2773 Perrexere,
417 2712 591 2777 “proceeded,”
601 2713 641 2762 the
650 2713 739 2778 perfect
748 2721 816 2764 tense
825 2714 933 2780 espargo.

248 2791 349 2851 emec,
366 2787 476 2850 “affort''
493 2795 599 2854 attempt,
616 2805 643 2840 or
656 2790 787 2854 endeavor3
808 2807 824 2840 e
838 2791 919 2840 verbe!
935 2807 1000 2842 noun
1015 2792 1044 2842 oi
1058 2793 1098 2844 the

219 2867 297 2917 fourth
306 2866 450 2928 decleneion,
459 2866 519 2916 from
528 2866 569 2916 the
578 2866 700 2932 deponent
708 2868 765 2916 verb
774 2870 840 2917 neor.

250 2951 261 2986 ⁸
277 2945 370 3005 liranis,
382 2946 431 3004 qe..
443 2945 545 3007 “strong
554 2943 674 3007 gerrisons
683 2943 756 3008 being
765 2943 806 2994 left
814 2944 840 2994 in
849 2943 880 2993 eil
890 2945 930 2994 the
940 2945 1044 3008 places?
1053 2946 1097 2996 &c

249 3028 260 3063 s
277 3019 367 3082 Resque
376 3025 454 3082 geste,
465 3021 480 3048 ‘⁴
487 3019 526 3069 the
535 3019 638 3084 military
643 3020 798 3085 operations,”
803 3021 910 3086 explebe,
916 3020 1097 3072 echievements.

250 3103 261 3138 e
276 3093 351 3155 Novo,
363 3098 413 3155 te,
424 3095 592 3146 “Neu-York
606 3095 743 3163 excepted,’'
753 3096 805 3148 thet
818 3097 847 3161 is,
857 3104 940 3164 except
951 3098 992 3149 the
1000 3105 1097 3164 cepmre

220 3169 249 3222 os
253 3170 305 3222 thet
314 3170 362 3236 city
368 3170 401 3236 by
410 3170 450 3222 the
458 3169 552 3223 British.
