2840 4684
326 460 369 525 92
581 477 831 525 wesnrncunnn
854 479 942 526 vrrs.

583 1001 716 1063 CAPUT
743 1000 940 1062 DECIMUM.

322 1195 363 1250 Ab
375 1197 487 1251 exercite
501 1204 609 1267 utroque
620 1197 689 1250 male
696 1195 1059 1266 perpessa-Wesbingtonii
1076 1196 1196 1266 elogium.

355 1279 491 1334 -Bellica
501 1281 713 1335 Americanorum
725 1281 904 1343 instrumenta,
915 1279 996 1334 uariis
1010 1279 1081 1344 locis,
1095 1278 1201 1348 capium

355 1362 643 1418 Britanni-Hostium
660 1363 952 1416 more-Bremenium
963 1363 1092 1416 contendit
1107 1361 1199 1414 Wasb·

354 1446 719 1516 ingemins.-Pbiladclplcia,
730 1445 878 1515 fortissime
902 1447 1080 1501 resistentibus
1097 1446 1199 1500 Ameti-

355 1531 436 1594 canis,
447 1532 478 1584 ab
490 1529 561 1584 berte
573 1538 720 1600 expugnata
731 1537 778 1584 est.

364 1693 445 1760 Duu
470 1694 539 1758 hac
564 1694 762 1778 gerebantur,
777 1695 863 1759 mala
882 1694 1018 1779 plurima
1041 1693 1199 1757 exercitus

320 1815 454 1890 uterque
463 1827 636 1893 perpessus.
662 1804 1198 1889 Militumhmericanorumplures,

319 1917 541 1984 calceamentis
552 1923 671 2004 eguere
683 1942 692 2000 ;
710 1919 904 2005 pedibusque
916 1917 1010 1982 nudis
1021 1938 1075 2002 per
1088 1935 1200 2000 aspera

318 2030 508 2110 incedentes,
523 2033 659 2115 vestigia
681 2053 787 2096 cruore
803 2031 904 2095 multo
923 2051 962 2094 ac
981 2029 1148 2112 sanguine,
1163 2039 1200 2092 ut

318 2141 499 2227 plurimum,
515 2144 731 2228 signabantur.
776 2143 886 2207 Vestes
901 2164 1028 2260 quoque
1044 2142 1085 2205 ad
1100 2143 1200 2224 frigus

318 2254 490 2318 arcendum
513 2254 767 2338 haudquaquam
781 2255 999 2319 sufficiebant:
1024 2253 1141 2334 vixque
1164 2253 1200 2314 in

318 2366 458 2426 exercitu
471 2366 557 2428 omni
567 2385 669 2428 unum
682 2366 814 2428 inveniri
825 2376 946 2450 poterat
957 2361 1200 2426 tabernaculum

318 2474 525 2538 tentoriumve
537 2497 546 2554 ;
564 2475 652 2553 ade0‚
665 2485 786 2553 tamen,
798 2475 873 2538 duci
886 2496 944 2538 suo
956 2474 1053 2538 dediti
1066 2473 1200 2538 addicti·

318 2605 381 2672 que
397 2596 496 2664 erant,
508 2597 544 2649 ut
559 2586 629 2650 hacc
644 2597 710 2649 tam
726 2587 845 2668 gravia,
859 2597 990 2669 tamque
1004 2584 1200 2649 intoleranda

318 2695 489 2759 infortunia
505 2695 612 2758 animo
625 2694 882 2779 cequ0¹tulerint.

362 2806 416 2871 Ad
441 2806 513 2884 hoc,
530 2827 640 2870 eorum
665 2806 827 2870 fiduciam²
847 2806 964 2890 optimo
987 2807 1058 2891 jure
1083 2809 1199 2871 meruit

318 2916 601 3001 Washingtonius;
618 2929 650 2982 et
664 2919 698 2981 in
711 2903 826 2982 milites
840 2919 909 3002 ejus
920 2918 1110 3000 benignitas,
1121 2921 1198 2982 affa-

318 3029 485 3112 bilitasque
500 3031 659 3108 sermonis,
673 3030 714 3093 ad
725 3029 822 3107 mala,
836 3050 971 3114 quoque,
984 3031 1091 3094 omnia
1102 3031 1198 3093 simul

319 3161 394 3204 cum
408 3141 560 3205 militibus
573 3141 739 3204 subeunda
753 3141 909 3220 alacritas,
922 3142 1086 3225 virtusque
1102 3142 1135 3205 in
1149 3163 1197 3205 re-

318 3253 379 3316 bus
404 3252 512 3316 arduis
525 3253 700 3336 dubiisque,
723 3254 838 3316 mirum
853 3253 886 3316 in
901 3253 1044 3332 modum,
1060 3254 1198 3317 militum

350 3453 360 3488 1
375 3446 459 3507 AEquc,
470 3445 604 3510 “pedem”
611 3446 737 3495 contented
743 3465 750 3508 ς
761 3445 807 3495 this
817 3445 930 3511 adjective
940 3446 1004 3496 osten
1014 3447 1119 3512 signifies
1128 3447 1196 3508 level,

320 3537 387 3582 even,
397 3521 511 3584 uniform3
528 3522 610 3583 hence,
620 3522 691 3572 when
707 3521 800 3586 applied
816 3529 841 3572 to
856 3521 896 3571 the
912 3522 984 3585 nand,
1000 3523 1018 3573 it
1033 3540 1089 3589 may
1104 3524 1196 3588 impert,

319 3597 444 3660 mmffled,
453 3598 565 3663 tranquil,
572 3600 615 3648 &a

350 3681 362 3716 ί
377 3674 502 3737 menan,
513 3674 593 3726 “their
607 3674 773 3741 confidence;”
788 3675 841 3728 mat
854 3675 883 3738 is,
893 3676 972 3728 which
986 3677 1043 3743 they
1057 3675 1156 3742 reposed
1171 3673 1196 3724 in

320 3751 492 3818 Weshingten.
