2834 4692
465 505 715 553 wissinesonn
738 505 826 551 viss.
1044 485 1086 549 4³

253 654 290 718 In
312 653 372 718 hoc
394 651 506 736 praelio,
522 673 576 735 pro
589 672 722 715 numero
746 648 969 734 pugnantium,
984 645 1087 710 cades

207 766 307 850 major
329 765 475 847 utrinque
495 765 592 840 facta,
613 784 713 846 quam
734 763 769 826 in
791 761 860 825 ulla
879 761 944 824 alia
965 762 1087 844 pugne,

207 899 279 960 quae
294 878 390 941 totius
403 877 479 940 belli
498 877 598 960 spatio
617 875 738 958 obtigit.
784 875 837 938 Ex
859 883 947 958 parte
963 873 1089 936 Britan·

208 1008 333 1065 norum,
348 988 434 1050 mille
449 987 593 1051 homines
609 987 785 1065 cadebant3
812 986 977 1068 quingenti
992 985 1089 1067 insig-

208 1120 266 1162 nes
287 1099 344 1162 viri
366 1098 405 1163 de
428 1119 560 1163 numero
582 1100 851 1176 Americanorum,
868 1119 906 1162 eo
927 1097 987 1176 die,
1002 1098 1089 1161 luce¹

209 1212 380 1289 carebant;
404 1211 438 1274 in
452 1211 501 1274 his
516 1212 577 1274 fuit
589 1212 784 1289 Wanenius,
799 1209 941 1274 medicus
963 1209 1089 1294 pracla-

209 1343 273 1400 rus,
289 1333 390 1386 orator
412 1322 557 1400 disertus,
573 1324 620 1386 vir
642 1324 749 1408 patria
772 1322 1018 1399 amantissimus,
1034 1321 1090 1405 qui

210 1433 293 1497 cives
315 1454 389 1499 suos
410 1435 444 1498 in
464 1435 644 1518 Anglorum
668 1435 915 1499 dominationem
938 1433 1090 1518 injustam

209 1545 382 1610 accendere
397 1545 488 1610 haud
502 1546 631 1611 destitit.
677 1549 749 1612 Hoc
765 1547 874 1633 proelie
884 1549 978 1624 facto,
993 1548 1090 1632 copia

210 1657 370 1722 colonicae
392 1659 634 1744 propugnacula
649 1680 861 1743 aggeremque
876 1659 945 1724 loco
966 1657 1092 1723 excelso

209 1782 319 1834 contra
342 1770 551 1856 Cerolopolim
573 1774 676 1835 secere
688 1794 698 1850 ;
727 1772 869 1855 agilitate
892 1771 1092 1854 audaciaque

210 1880 351 1945 hostium
369 1883 491 1946 animos
506 1883 692 1966 perculsere,
707 1890 746 1947 eo
762 1884 877 1965 magis,
894 1883 990 1965 quod,
1005 1895 1092 1947 vete-

211 1994 281 2056 rani
303 1993 446 2056 Britanni
468 2014 562 2056 suam
582 1992 726 2055 laudem²
750 1995 962 2076 virtutemque
983 1993 1093 2077 pradi-

211 2117 331 2184 cantes,
345 2107 493 2170 militiam
512 2107 736 2191 provincialem
750 2127 791 2170 ex
806 2108 912 2171 animo
935 2107 1094 2192 despicere

211 2219 360 2283 solebant.
407 2218 593 2282 Presidium
613 2219 825 2298 Bostoniense,
842 2220 884 2283 ad
903 2220 1013 2284 inedia
1037 2241 1093 2286 ex·

212 2342 359 2410 tremum,
371 2330 440 2415 jam
454 2330 608 2394 diuturna
622 2331 781 2395 obsidione
797 2332 980 2397 deductum.

182 2587 184 2593 A
242 2535 250 2569 1
266 2528 337 2576 Lace.
369 2529 384 2555 “
389 2525 442 2576 Life
447 2531 472 2589 ;”
487 2526 556 2576 taxis
566 2525 699 2594 frequently
708 2527 776 2592 used,
785 2528 941 2596 fignmtively‚
950 2529 986 2582 sor
1000 2529 1045 2594 life
1055 2547 1093 2582 es-

211 2603 312 2669 pecially
321 2617 410 2668 among
420 2604 459 2654 the
469 2611 541 2669 poen.

242 2689 254 2726 t
269 2681 377 2730 Lmdcne.
408 2679 627 2744 “Commendabie
637 2697 665 2731 er
678 2681 849 2750 praisewcrthy
858 2682 978 2748 aetiens;”
993 2683 1028 2735 for
1042 2685 1093 2736 teus

211 2773 297 2807 means
306 2756 378 2818 osten,
384 2763 427 2808 not
436 2758 543 2808 samuch
549 2761 634 2822 proice,
641 2775 670 2808 as
678 2761 739 2808 those
746 2762 820 2823 cicada
826 2760 905 2811 which
911 2761 979 2812 men't
987 2761 1020 2813 it:
1037 2762 1094 2812 thus

211 2834 280 2899 Vng.
312 2837 327 2863 “
335 2835 395 2884 aaa
405 2837 472 2884 titan
479 2837 516 2884 iic
525 2851 568 2886 nea
574 2837 671 2901 praem
679 2837 764 2902 mete
774 2838 822 2890 “N
822 2838 875 2890 oble
884 2838 958 2890 deeds
964 2839 1025 2897 heve
1034 2839 1094 2890 their

212 2927 269 2964 own
278 2910 388 2976 revinds,
399 2927 459 2964 even
468 2911 544 2966 herc?
