2840 4684
312 447 372 512 182
568 459 821 514 wrssmsrorrrr
844 467 933 514 vrrs.

304 611 470 678 latissime
486 621 533 676 est
548 624 708 697 acceptus,
721 625 763 690 et,
775 612 889 680 habitu
902 611 1031 680 militari
1043 613 1193 699 deposito,

308 724 455 807 gladium
469 707 597 792 vomere
611 725 819 789 libentissime
834 727 1054 790 commutavit.
1098 727 1194 812 *Agri-

308 837 436 903 cultura
449 839 596 904 maxime
616 837 841 903 delectabatur.
888 837 1005 903 Fundo
1021 839 1063 903 ad
1077 839 1194 915 Verno-

307 950 398 1014 nium
421 962 563 1017 montem
586 951 696 1035 posito,
719 951 876 1036 praecipub
898 952 1124 1036 occupabatur,
1140 956 1194 1038 qui

307 1063 459 1141 triticum,
472 1083 567 1148 poma
582 1063 751 1141 terrestria,
762 1063 878 1140 linum,
891 1064 1019 1141 multos,
1033 1075 1194 1149 praterea,

307 1175 478 1260 pecudum,
496 1176 780 1260 jumentorumque
804 1194 925 1259 greges,
947 1178 1116 1259 quotannis
1138 1197 1194 1242 ex-

306 1288 406 1352 tulit.¹
450 1287 500 1352 Eo
522 1288 730 1373 inspectante,
746 1290 881 1370 paunos¹
896 1289 999 1352 varios
1021 1289 1195 1354 fabricave-

307 1383 382 1464 runt
394 1402 463 1486 ejus
475 1395 567 1477 servi,
580 1413 612 1462 et
624 1393 762 1462 vestium
774 1400 851 1464 satis
866 1399 905 1463 ad
916 1400 1117 1466 vestiendum
1128 1404 1195 1473 iere

306 1515 393 1578 mille
409 1512 588 1589 hominum,
604 1511 749 1594 singulos
764 1511 798 1574 in
812 1516 938 1588 annos,⁸
951 1515 1103 1576 feceruut.
1136 1514 1196 1578 Pe·

306 1627 423 1709 regrini
438 1644 559 1701 omnes,
576 1623 631 1706 qui
647 1623 831 1688 Americam
854 1626 1130 1709 septentrionalem
1144 1647 1196 1712 pc·

307 1753 435 1820 ragrare
448 1729 666 1813 instituerunt,
679 1735 966 1819 Warhingtcnium’
978 1757 1102 1822 semper
1116 1737 1196 1804 vise·

306 1853 393 1914 bant.
423 1851 531 1914 (lanes
546 1850 665 1912 multos
680 1835 802 1913 circum
817 1871 851 1912 se
866 1849 982 1927 alebat,
994 1861 1027 1912 et
1042 1851 1110 1914 una
1121 1869 1197 1916 cum

304 1963 516 2028 familiaribus
526 1961 810 2048 quibusdam,tunc
820 1956 981 2048 temporis⁴
995 1961 1196 2027 Alexandria

304 2077 510 2162 degentibus,
522 2092 756 2160 nonnunquam
771 2061 956 2140 venabatur.
992 2075 1113 2138 Vitam⁵
1128 2076 1198 2160 ejus

306 2189 776 2273 moderabatut'tcmperantia':
795 2187 939 2253 diluculo
953 2188 1065 2272 primo,
1082 2190 1102 2252 a
1117 2188 1199 2252 lecto

306 2323 434 2386 surgere
446 2302 575 2377 solebat,
584 2309 711 2382 totoque
719 2299 872 2362 die'rebus
881 2299 1006 2363 rusticis
1017 2299 1197 2383 absumpto,

307 2414 431 2476 horam‘
452 2411 574 2475 circiter
596 2431 715 2474 nonam
738 2410 924 2474 dormitum⁷
937 2411 1003 2475 ivit.
1051 2409 1130 2474 Haec
1150 2413 1199 2476 ia·

307 2545 377 2589 cere
399 2524 489 2588 haud
511 2523 640 2601 destitit,
656 2523 717 2587 nisi
740 2542 817 2585 cum
844 2521 1004 2607 hospitum
1032 2524 1198 2606 prasentia

308 2659 384 2700 eum
406 2635 600 2721 prohibebat.
654 2635 769 2700 Mensa
794 2635 862 2719 ejus
883 2633 1096 2698 'saluberrimis
1119 2637 1198 2701 cibis

339 2783 348 2818 1
364 2775 463 2837 usura
476 2775 583 2837 (scilicet,
595 2777 635 2838 qui
645 2777 758 2839 Juudua)
772 2774 863 2837 (which
872 2773 932 2823 sarm
942 2781 968 2824 ct
983 2773 1196 2839 McuntVemdu)

307 2852 436 2918 Ρῐῦἀῑὶωᾱ,
446 2868 473 2904 01¹
482 2853 585 2918 brought
594 2851 663 2914 solih,
674 2853 718 2902 εἶθ.
791 2878 795 2900 r

339 2939 351 2975 ¹
366 2932 468 2992 Panaca,
479 2929 555 2980 clotbs
565 2929 594 2980 oi
599 2929 694 2979 various
703 2928 783 2978 kinds

339 3016 350 3052 υ
367 3009 476 3071 Singulos
485 3010 512 3057 iu
522 3024 601 3068 maor,
612 3009 627 3036 ‘⁴
635 3007 718 3068 each,”
728 3023 755 3056 or
765 3009 858 3071 “erery
867 3009 947 3072 year?

337 3083 350 3129 'r
369 3085 435 3134 Tum
446 3086 560 3148 temporis,
572 3087 622 3146 ssa,
633 3083 710 3133 “tiren
720 3081 826 3149 residing
833 3081 1037 3146 atAlexandrr'o,”
1046 3082 1197 3139 notlarircm

308 3161 399 3213 Mount
409 3163 516 3212 Vernon.
906 3167 908 3174 ⁴

339 3249 350 3284 r
370 3241 452 3301 Virmn,
465 3243 515 3302 dfe,
526 3241 701 3304 “tempersnce
716 3238 841 3304 regolawd
855 3237 894 3288 his
908 3236 970 3288 rra»
1005 3238 1062 3288 The
1077 3238 1197 3303 deponent

308 3319 366 3368 verb
375 3319 485 3378 moderor,
496 3329 599 3382 gorerns
608 3316 649 3365 the
664 3315 799 3366 accamtire
809 3331 836 3366 cr
844 3313 923 3366 dative
936 3331 1001 3366 cose.
1032 3317 1055 3368 lt
1069 3315 1196 3366 isderivsd

310 3396 370 3445 from
380 3395 420 3444 the
430 3409 496 3443 noun
505 3396 593 3455 modus,
604 3393 660 3456 aad,
670 3393 697 3442 in
705 3393 798 3460 impert,
806 3392 827 3442 is
836 3391 973 3457 equivelsat
980 3399 1005 3442 to
1014 3395 1106 3444 modam
1115 3400 1197 3455 amoc,

311 3471 342 3522 “1
353 3476 412 3533 set,”
423 3488 450 3521 or
459 3474 475 3500 “
482 3471 581 3536 appoint
590 3471 685 3520 bounds
695 3487 722 3520 or
731 3469 803 3519 limita
813 3477 838 3519 to
848 3485 897 3534 any
906 3469 998 3536 thing.”

340 3557 352 3594 t
368 3550 464 3612 Ηοναπι,
477 3553 526 3612 doc,
536 3552 552 3578 ‘¹
558 3550 632 3598 about
641 3541 781 3598 unauna
789 3547 873 3598 clock”
885 3547 920 3610 (in
929 3548 971 3598 the
980 3549 1100 3615 eveniug.)

341 3635 354 3672 r
371 3629 510 3688 Dormitum,
517 3626 557 3675 the
566 3625 652 3675 former
661 3625 754 3690 supine,
761 3623 846 3690 placed
856 3623 972 3687 asteriolt,
981 3625 1195 3686 averbofmotiorr,

312 3719 341 3752 aa
351 3696 533 3768 grammarians,
543 3703 640 3766 madly,
650 3708 753 3752 coccum
761 3699 798 3752 for
806 3701 831 3751 it.
862 3699 918 3752 The
927 3703 1037 3768 positirm
1047 3704 1164 3764 however,
1174 3701 1198 3751 're

313 3788 488 3846 notaccurate3
503 3780 739 3844 torcatum,
749 3778 956 3846 governedbycd,
966 3779 1120 3832 undem
