2840 4684
479 447 730 496 wssnrncrorsn
754 447 843 492 vim.
1041 423 1101 491 119

222 619 242 662 n
255 597 412 662 Clintonio
428 596 470 659 ad
483 595 668 659 Cornwailis
680 594 791 660 missas
804 590 940 668 tradidit,
953 601 985 653 ot
995 589 1107 652 statim¹

220 713 283 774 fere
306 711 498 774 interficitur.
520 719 522 724 '
546 708 755 784 Obsessoras,¹
768 706 902 782 interim,
918 705 1103 781 Charonta,⁸

220 844 339 887 navam
353 823 485 904 longam
510 807 737 896 Britannicam,
753 818 847 882 annis
870 817 1037 900 ignivomis
1057 817 1104 878 in·

221 935 403 1004 caudarum.

267 1047 427 1109 Comitem
444 1045 629 1109 Comwallis
645 1045 703 1107 sub
718 1045 778 1107 hoc
794 1054 930 1127 tempus,
946 1043 1104 1106 monitum

221 1158 317 1221 fuisse
330 1162 446 1235 ferunt,
463 1168 510 1235 ut,
526 1158 634 1220 relicto
649 1158 801 1234 Eboraco,
817 1156 913 1219 saluti
929 1177 996 1218 sua
1016 1177 1104 1218 excr-

222 1270 380 1352 citbsquc³
398 1280 526 1353 receptu
548 1270 652 1332 celeri⁴
677 1270 832 1332 consulat.
880 1268 976 1343 Quod
991 1268 1016 1359 si
1037 1289 1105 1331 sese

222 1382 358 1465 recipere
382 1383 524 1465 coepisset
548 1379 744 1458 Cornwallis,
760 1381 832 1444 etsi
856 1381 1013 1444 exercitus
1036 1381 1105 1464 ejus

222 1495 368 1576 fugatus,
383 1505 440 1557 aut
459 1505 570 1578 captus
585 1496 705 1571 fuisset,
722 1493 833 1557 nobilis
851 1494 941 1556 istius
955 1493 1045 1565 ducis
1061 1503 1107 1554 te-

222 1607 351 1670 meritas
376 1600 490 1688 magis
505 1606 772 1691 reprehendenda,
801 1608 898 1688 quam
923 1606 1022 1668 virtus
1049 1613 1107 1666 aut

223 1719 373 1782 fortitudo
398 1720 431 1782 in
455 1719 591 1802 graviter
612 1739 708 1802 seque
737 1721 974 1801 exercitumque
1001 1718 1108 1786 desem

224 1830 340 1906 dendo,
356 1830 521 1893 laudanda
536 1831 703 1892 videretur.
749 1829 923 1892 Undecimo
940 1829 1108 1892 obsidionis

225 1941 287 2018 die,
304 1943 478 2004 obsessores
506 1942 631 2024 propib·
659 1941 806 2002 accedere
825 1953 1006 2024 coeparunt;
1029 1943 1111 2004 inte-

226 2052 286 2114 rim
301 2053 458 2114 sociorum
473 2052 520 2114 vis
542 2071 689 2128 cresccre,
705 2052 989 2135 Britannorumquc
1010 2052 1110 2116 vinus

228 2163 328 2226 indies
343 2162 447 2224 minui
462 2163 564 2246 coepit.

273 2275 430 2351 Tandem,
447 2285 566 2352 autem,
582 2275 765 2338 vulneribus
780 2275 889 2338 multis
903 2275 985 2338 datis
1002 2297 1111 2361 accep-

229 2385 342 2472 tisque,
370 2386 568 2466 Cornwallis,
594 2398 651 2450 aut
680 2388 857 2452 exercitum
884 2388 1030 2467 dedendi,
1055 2401 1113 2452 aut

230 2501 393 2564 communi
420 2501 564 2564 omnium
589 2501 693 2581 saluti,
717 2504 807 2584 fuga,
836 2502 1031 2581 consulendi,
1057 2523 1112 2566 ne-

230 2615 408 2680 cessitatem
444 2614 503 2675 sibi
539 2615 718 2698 impositam
753 2614 888 2692 videbat.
946 2614 1112 2692 Quocirca,

182 2739 185 2746 ’
230 2727 334 2792 multo
349 2745 460 2788 secum
472 2726 538 2810 ipse
552 2726 692 2803 volvens,
706 2726 747 2789 ed
761 2737 952 2804 extremum,
967 2749 1043 2790 cum
1058 2707 1127 2792 crr-¹

231 2841 330 2903 arcitu
352 2839 506 2915 recedere,
523 2840 549 2901 si
564 2840 630 2901 fieri
645 2840 757 2924 potuit,
773 2839 920 2906 decrevit.
967 2841 1113 2924 Navigia,

230 2952 339 3033 igitur,
355 2971 451 3032 quam
474 2951 612 3034 plurima
627 2952 735 3012 stati-m
758 2951 833 3028 fieri,
850 2953 1028 3034 omniaque,
1043 2974 1114 3035 quae

233 3062 274 3126 ad
296 3063 472 3124 exercitum
493 3063 772 3146 transportandum
795 3084 873 3148 opus
896 3075 988 3140 esset,
1012 3065 1114 3148 parari

236 3176 339 3261 jussit.
386 3176 520 3238 Summo
545 3175 668 3238 silentio
692 3163 800 3238 omnia
828 3179 1029 3259 gerebantur.
1076 3177 1115 3240 In

265 3376 274 3410 1
293 3369 430 3428 Obsessam,
447 3366 509 3416 “the
527 3366 670 3432 bassegnan
685 3366 730 3420 via
746 3367 787 3418 tbe
805 3367 901 3417 French
920 3368 971 3420 and
986 3365 1115 3416 American

234 3453 418 3580 trodpdbarorno,
430 3519 490 3568 “tha
499 3519 618 3582 Charon,‘'
629 3521 657 3583 os
667 3521 791 3587 sorty-four
800 3537 871 3586 gans,
881 3528 919 3570 sat
930 3537 962 3574 on
977 3519 1020 3570 fite
1033 3521 1067 3585 by
1076 3518 1117 3571 the

235 3597 337 3662 ortillery
346 3591 420 3646 ofthe
429 3595 556 3662 besiegers,
567 3599 629 3660 who,
639 3598 754 3660 likewise,
764 3599 822 3648 fired
832 3606 939 3649 mortsrs.

266 3684 278 3720 ι
292 3676 422 3735 Exercitds,
433 3690 448 3722 a
458 3674 561 3748 genitive
571 3691 634 3738 cass,
644 3675 781 3740 depending
790 3693 821 3726 on
830 3678 899 3725 anns
908 3675 1006 3738 naplicd.

267 3762 279 3798 4
294 3753 396 3817 Recepto
406 3754 479 3815 ιιῐονί,
489 3753 566 3816 “bys
575 3753 664 3819 spsedy
674 3757 781 3804 Μεθ’
