2824 4670
495 540 858 588 wassrnarorrrrrvrrr.
1053 518 1116 583 203

235 690 284 754 uti
306 687 397 752 navis
418 687 516 770 longa
538 687 743 763 Americana,
764 706 840 748 eurn
867 683 908 747 ad
934 703 1003 746 oras
1028 693 1118 744 terrae

238 801 387 865 Columbi
400 799 536 864 vehendi
551 803 660 878 causa,
676 799 897 864 dimitteretur.
936 796 1119 862 Americaui

235 934 346 977 omnes
361 913 447 976 hunc
462 924 530 976 tam
546 913 668 976 clarum
683 923 949 998 propugnatorem
964 922 996 973 et
1011 910 1119 974 defen·

235 1046 338 1088 sorem
352 1025 503 1088 libertatis
518 1025 622 1089 videre
638 1025 918 1089 vehementissime
931 1025 1073 1108 cupiunt.

283 1136 380 1212 Quod
401 1137 427 1201 si
448 1158 594 1220 unquam
617 1137 659 1200 ad
681 1159 750 1200 oras
770 1137 978 1200 Americanas
998 1136 1051 1198 ille
1074 1135 1120 1198 vir

236 1249 375 1332 inclytus
398 1250 563 1334 appulerit,
586 1250 777 1327 Americani,
792 1250 948 1313 libertate¹
969 1251 1119 1326 fruentes,

236 1365 331 1447 opera
353 1363 421 1446 ejus
444 1363 586 1428 maxime
609 1361 962 1446 partd,Washingtonii
977 1364 1120 1426 amicum

237 1485 271 1538 et
285 1473 475 1539 familiarem
489 1475 655 1553 eximium,
670 1476 786 1540 honore
802 1496 937 1552 summo,
952 1475 1120 1560 proculdu-

236 1588 298 1666 bio,
312 1600 549 1673 prosequentur.
588 1589 726 1671 Nosque,
742 1589 775 1652 in
785 1589 848 1652 hac
863 1587 1025 1672 republica
1041 1587 1120 1652 Ohi-

236 1702 335 1779 oensi,
355 1704 378 1767 b
399 1702 638 1786 tempestatibus
661 1713 693 1765 et
714 1702 804 1766 bellis
826 1703 985 1788 Europaeis
1012 1701 1121 1786 procul

237 1815 361 1892 amoti,l
383 1815 514 1897 aliquid,
545 1815 649 1878 virum
677 1815 776 1877 talem
805 1815 980 1878 honorandi
1010 1819 1121 1892 causa,

236 1926 405 2009 scripsisse,
427 1926 523 1990 valde
548 1927 712 2009 gestimus.
760 1926 870 2000 Quod³
893 1928 921 1988 si
946 1927 1038 1990 illum
1063 1948 1123 1991 un·

236 2058 334 2122 quam
351 2039 488 2122 aspicere
498 2039 588 2102 nobis
598 2037 776 2120 contigerit,
788 2057 885 2119 quam
898 2049 1026 2120 gratum
1036 2059 1123 2122 spec-

237 2151 385 2216 taculum
407 2151 506 2216 oculis
529 2150 645 2214 nostris
667 2149 833 2212 offeretur!
879 2150 975 2214 Tunc
990 2152 1124 2216 fortasse

237 2283 313 2328 eum
335 2285 477 2328 sermone
502 2262 626 2328 Gallico
649 2261 768 2345 alloqui
784 2273 816 2325 et
831 2262 1020 2346 compellare
1035 2263 1124 2326 nobis

237 2379 351 2444 licebit.
398 2377 576 2454 Libertatis,
601 2376 699 2454 enim,
724 2385 879 2438 amatores
909 2397 1020 2438 omnes
1047 2397 1124 2439 eum

237 2493 354 2558 honore
370 2512 498 2555 summo
512 2490 656 2575 prosequi
671 2488 797 2552 debent.

282 2605 358 2683 Atii,
374 2606 511 2688 insuper,
528 2604 658 2666 suerunt
673 2602 769 2679 Galli,
782 2600 836 2684 qui
850 2601 965 2664 martia
975 2601 1015 2664 ob
1025 2599 1124 2666 Ame-

239 2719 338 2783 ricam
366 2715 539 2804 pugnando
561 2715 696 2778 vulnera
718 2714 821 2798 passi:
857 2717 921 2776 eos⁴
951 2714 1125 2796 gratiarum

237 2833 362 2896 actione
378 2830 530 2913 dignatus
546 2839 594 2892 est
610 2827 815 2909 congressus.
843 2826 1032 2905 Ludovicus,
1048 2827 1125 2910 quo4

238 2966 313 3028 que,
330 2943 442 3008 Galliae
463 2963 531 3018 rex,
553 2941 673 3025 optime
695 2938 734 3002 de
758 2939 902 3003 libertate
919 2923 1141 3030 Americana„

240 3057 325 3120 certe
340 3055 469 3118 meritus
485 3064 542 3132 est,
559 3053 624 3136 qui,
640 3051 801 3116 Britannis
817 3055 901 3116 terra
916 3052 1058 3132 marique
1072 3072 1126 3134 po·

272 3244 281 3279 1
297 3235 419 3296 Libertate,
427 3238 476 3296 dfe,
486 3237 500 3262 “
507 3233 618 3298 enjoying
625 3233 717 3298 liberty,
723 3232 843 3295 obtained,
850 3233 943 3297 chiefly,
948 3234 982 3296 hy
988 3230 1026 3280 his
1033 3247 1126 3294 maaria,

241 3313 298 3374 will,
309 3311 439 3372 douhtlass,
450 3310 533 3376 highly
543 3311 619 3362 honor
634 3311 675 3362 the
690 3309 771 3362 choico
788 3309 864 3360 friend
880 3310 930 3360 and
945 3308 1047 3358 familiar
1061 3324 1126 3360 corn·

241 3390 331 3456 panion
340 3388 562 3452 ofwashtngtonr

273 3467 383 3527 admoti,
401 3469 451 3528 da,
467 3465 525 3514 “far
542 3463 652 3515 removed
671 3464 733 3515 from
746 3465 787 3515 the
804 3464 879 3528 (civil)
896 3462 1060 3524 commotione,
1077 3462 1127 3514 and

242 3559 306 3596 wara
315 3542 343 3594 of
348 3543 450 3608 Europe,
460 3542 553 3607 greatly
562 3543 646 3608 rejoire
655 3550 681 3593 to
689 3544 747 3592 have
756 3542 850 3592 written
861 3540 1016 3604 „martina”
1026 3541 1069 3590 &a

273 3630 284 3664 ³
302 3622 377 3682 Quid,
390 3623 439 3682 dfe,
451 3619 545 3669 “hatis
554 3619 573 3668 it
587 3621 671 3670 should
686 3621 882 3684 everhappento
891 3632 930 3666 me
939 3624 964 3666 to
973 3615 1059 3666 behold
1068 3615 1125 3680 him,

242 3700 282 3751 La
290 3698 399 3762 Fayette,
410 3696 464 3746 how
475 3695 577 3762 grateffl
587 3698 729 3762 aspectacle
739 3696 787 3746 will
798 3697 827 3746 be
836 3693 923 3745 offered
932 3699 1004 3758 tomy
1015 3696 1094 3756 eyes.”

273 3785 284 3820 t
300 3776 355 3835 an,
366 3774 509 3838 '‘Conpess
519 3774 662 3826 rouchsat'ed
673 3775 739 3826 thern
750 3773 802 3835 (tho
811 3771 877 3824 other
886 3770 980 3822 French
995 3769 1098 3835 officere)
1109 3785 1126 3822 a

243 3860 298 3906 rota
307 3851 335 3906 oi
339 3851 452 3905 Μεθ’
