2840 4684
493 457 743 503 wnsrnnosonrr
768 459 855 503 vrrs.
1057 440 1132 518 117,

231 623 309 668 eum
324 601 544 688 decipiendum
560 602 837 687 aWashingtonio
851 602 913 666 fuit
932 603 1117 687 praetermis-

230 734 305 778 sum
314 716 488 798 crebrisque
501 715 907 793 castorummutationibus,
920 715 1117 780 Clintonium
1177 781 1181 788 ,

232 827 398 892 formidine
423 831 576 912 perpetua
590 829 776 910 exagitavit.
824 827 1022 906 Cornwallis,
1037 829 1117 892 inte-

232 959 296 1018 rea,
304 938 490 1025 oppidulum
501 940 587 1025 apud
595 941 818 1024 Virginienses,
827 941 1006 1004 Eboracum
1016 941 1117 1024 vulgo

232 1063 466 1142 nuncupatum,
480 1055 574 1138 cepit,
590 1054 861 1138 expugnavitque,
876 1054 966 1118 nullo
980 1056 1046 1120 fere
1070 1077 1117 1118 re-

231 1165 384 1260 sistente3
400 1187 505 1250 quem,
516 1176 638 1243 tamen,
649 1167 898 1249 subsequebatur
909 1164 1030 1231 duobus
1041 1189 1117 1232 cum
1133 1251 1134 1256 ἵ

233 1277 398 1346 hominum
419 1279 567 1357 millibus,
584 1279 631 1344 La
644 1279 789 1362 Fayette,
806 1278 918 1360 Gallus
933 1279 1117 1362 praenobilis,

231 1391 299 1475 qui,
318 1395 478 1456 motuum¹
500 1391 662 1456 hostilium
685 1390 950 1458 observandomm
972 1395 1081 1470 causa,
1097 1413 1118 1455 a

232 1501 476 1592 Waslringtonio
490 1507 592 1568 fuerat
606 1505 792 1589 praemissus.

276 1617 343 1682 Sub
356 1617 488 1680 Sextilis
508 1619 616 1695 finem,
633 1617 681 1681 De
698 1618 824 1695 Graece,
835 1636 947 1703 comes
963 1615 1117 1695 Gallicus,

232 1729 286 1812 qui
302 1729 396 1796 classi
411 1728 563 1795 Ludovici
578 1729 693 1794 decimi
709 1730 791 1792 sexti
806 1730 992 1815 prepositus
1003 1732 1117 1808 fuerat,

233 1861 309 1904 cnm
325 1843 453 1924 triginta
467 1843 602 1906 navibus
623 1841 739 1924 longis,
753 1843 788 1904 in
802 1853 1006 1926 conspectum
1020 1842 1116 1906 venit.

233 1953 377 2035 Agmina
392 1955 488 2031 socia,
505 1953 547 2016 ad
561 1953 745 2037 oppidulum
759 1953 940 2016 Eboracum
954 1953 1039 2038 apud
1049 1953 1118 2017 Vir·

233 2063 394 2147 ginienses
418 2063 635 2142 obsidendum,
651 2062 766 2147 partim
790 2066 883 2141 terre,
898 2065 1013 2148 partim
1037 2066 1118 2129 mari

232 2176 454 2261 procedebant.
502 2176 609 2262 Copia
631 2195 751 2254 omnes,
774 2175 938 2242 nonnullis
967 2175 1119 2241 militibus

232 2287 493 2373 Virginiensibus,
517 2309 595 2372 quos
617 2287 797 2365 Nelsonius,
819 2286 886 2351 dux
908 2288 1119 2356 Americanus
1213 2321 1216 2326 ·

232 2379 380 2480 ducebat,
395 2401 537 2486 receptis,
558 2399 598 2465 ad
622 2400 793 2466 duodecim
815 2399 983 2464 hominum
1006 2379 1129 2482 millia,

232 2515 386 2599 vigesimo
401 2514 593 2600 Septembris
608 2515 670 2593 die,
683 2524 720 2579 ut
742 2513 926 2584 Eboracum
949 2533 1119 2599 expugna-

231 2639 312 2707 rent,
328 2629 383 2692 ubi
399 2628 585 2692 Cornwallis
600 2649 675 2693 cum
690 2626 832 2690 exercitu
848 2647 906 2690 suo
921 2625 1118 2706 consederat,

233 2741 374 2806 maximo
397 2739 515 2818 studio,
531 2740 789 2824 accingebantur.
836 2739 966 2816 Classis,
982 2740 1117 2826 insuper,
1168 2730 1170 2734 ’

234 2853 372 2931 Gallica,
398 2871 496 2936 quam
524 2851 573 2916 De
601 2852 716 2917 Grasse
740 2850 887 2928 ducebat,
913 2850 1025 2915 eodem
1052 2855 1118 2918 fere

235 2975 384 3049 tempore,
400 2965 655 3048 inconspectum
670 2963 768 3042 venit,
784 2973 816 3026 et
838 2983 878 3026 ne
895 2952 1117 3040 commeatus,²

235 3086 293 3140 aut
308 3073 464 3138 auxilium
476 3075 579 3139 ullum
592 3073 732 3138 hostibus
746 3074 846 3138 afferri
858 3081 990 3160 poterat,
1007 3074 1117 3138 sedulo

234 3187 400 3273 prohibuit.

234 3361 285 3414 him
300 3369 326 3412 to
340 3361 381 3412 hit
396 3360 504 3410 definnce
512 3369 543 3422 to,
553 3360 576 3410 if
585 3366 662 3411 netto
671 3367 776 3426 eapmre,
786 3376 836 3426 any
845 3359 1006 3411 oombmation
1015 3359 1044 3410 of
1054 3359 1118 3410 force

234 3439 313 3491 which
322 3439 417 3488 Franco
426 3455 453 3488 or
461 3437 575 3488 America
584 3438 654 3488 could
664 3445 688 3488 at
698 3439 750 3488 that
759 3438 816 3487 time
825 3453 915 3503 oppose
924 3444 949 3486 to
958 3435 1014 3486 him

266 3516 406 3577 luctuum,
417 3519 467 3578 bc,
478 3513 866 3582 “forthepnrposeolwstcbing
880 3513 1118 3575 themovementsoi

234 3594 472 3730 stemma
456 3667 621 3732 “provisions3
622 3668 701 3720 ”nn
711 3683 777 3720 noun
786 3667 895 3734 properly
905 3665 1036 3772 sigirifien
1048 3683 1116 3783 pm-

235 3747 279 3816 ing
287 3753 313 3798 to
322 3746 370 3797 end
377 3745 419 3809 fro,
430 3761 445 3794 a
454 3744 661 3796 communication.
