2840 4684
478 475 727 521 warnrnerenu
751 475 838 520 vrri.
1055 458 1098 522 95

219 619 349 698 abirent,
372 618 579 704 militiamque
602 621 730 686 erimine
752 619 961 684 detrectarent
982 618 1097 683 milites

217 733 293 796 satis
307 731 439 796 feliciter
454 732 582 798 obstitit.

261 844 487 928 Supplementa
501 844 640 929 pluribus
655 843 820 930 provinciis
834 844 1023 929 conscripta¹
1038 864 1098 908 nu·

216 976 339 1020 merum
362 956 500 1020 militum
526 966 683 1020 statutum
711 956 800 1020 haud
827 968 1095 1040 exequererunt:

216 1079 369 1146 attamen,
377 1068 454 1132 dum
466 1091 534 1132 sese
545 1070 688 1134 Britanni
701 1069 790 1134 Neve
802 1070 944 1134 Eboracc
956 1070 1097 1133 contine·

215 1181 304 1257 bant,
319 1180 427 1244 multis
442 1181 538 1265 copiis
553 1182 759 1245 auxiliaribus
772 1183 915 1245 firmatus
926 1181 1098 1266 Washing-

215 1292 330 1356 tonius.
362 1294 466 1371 Tunc,
474 1292 612 1371 demum,
621 1305 723 1357 castra
733 1294 841 1372 movit,
849 1305 880 1357 et
893 1293 981 1357 haud
991 1295 1097 1378 procul

216 1406 239 1468 a
254 1404 428 1468 Brunsvico
443 1405 594 1483 consedit,
607 1416 772 1491 castraque
787 1417 836 1470 est
849 1417 996 1470 metatus.

248 1517 362 1594 Locus,
370 1517 1098 1602 quemcastrisdelegeratnaturaeditusmuni-

214 1639 328 1712 tueque
339 1629 417 1707 fuit3
442 1630 1098 1716 aditusqueadWashingtoniicastrahes-

215 1741 295 1804 tium
311 1741 406 1825 copiis
426 1741 506 1806 adeo
528 1742 673 1821 difficilis,
688 1754 725 1805 ut
745 1744 861 1822 hostes,
877 1745 936 1808 nisi
957 1745 1099 1808 maximo

215 1853 364 1935 periculo,
386 1855 632 1938 appropinquare
658 1864 715 1917 aut
730 1855 878 1919 accedere
893 1857 1023 1921 minime
1044 1878 1097 1940 po·

215 1975 328 2026 terant.
376 1965 487 2041 Hinc,²
511 1964 670 2028 Caesareas
692 1966 850 2042 tuebatur,
871 1966 957 2043 hinc,
979 1976 1097 2042 autem,

216 2074 372 2139 exercitus
393 2075 538 2138 Britanni
560 2084 663 2137 motus
685 2095 795 2138 omnes
817 2075 926 2141 sedule
942 2078 1095 2139 servabat.

218 2185 342 2251 lnsidiae
357 2185 466 2250 multe
479 2185 603 2270 delique
621 2185 736 2249 educe
752 2187 912 2266 Britanno,
929 2186 969 2251 ad
984 2187 1098 2252 Waeh·

217 2298 395 2382 ingtonium
415 2317 457 2360 ex
479 2298 539 2362 hec
563 2309 629 2362 tam
652 2298 814 2363 commodo
834 2310 963 2383 tamque
986 2299 1097 2364 idoneo

215 2411 284 2476 leco
311 2410 513 2488 eliciendum,
543 2411 704 2476 incassum
734 2412 969 2491 struebantu13⁸
1001 2433 1096 2496 quare

217 2522 470 2608 Philadelphiam
485 2524 580 2608 copiis
602 2525 766 2587 maritimis
790 2524 923 2608 aggredi
938 2525 1037 2590 satius
1051 2525 1097 2588 vi-

216 2656 308 2700 eum:
332 2656 401 2718 qua
423 2635 635 2719 pulcherrima
656 2639 740 2714 urbs,
760 2636 973 2700 resistentibus
995 2638 1097 2700 fortie-

216 2747 297 2812 sime
313 2747 520 2826 amaricante,
535 2760 604 2832 post
618 2769 760 2860 pugnam
774 2748 905 2833 longam
920 2760 1096 2815 cruentam·

214 2879 287 2941 que,
304 2859 433 2923 tandem
448 2871 644 2943 expugnata.

247 3067 257 3100 1
275 3060 441 3122 supplemata,
454 3063 503 3122 da,
514 3060 572 3109 “the
581 3060 679 3110 recruits
689 3061 767 3110 raised
776 3061 801 3111 in
810 3062 900 3113 oeveral
909 3062 1053 3128 provincea”

247 3143 258 3178 a
273 3135 345 3195 Hinc,
356 3137 407 3184 “on
417 3135 513 3186 theone
523 3137 610 3198 hand,”
620 3138 658 3199 he,
670 3138 770 3200 (thetis,
780 3139 963 3206 Waslringten)
974 3139 1093 3205 pretected

216 3211 256 3260 the
266 3210 379 3276 Jerseys3
397 3212 458 3272 tine
470 3215 523 3262 “en
533 3213 573 3262 the
582 3214 650 3264 ether
658 3214 747 3278 hand,”
756 3216 800 3265 &a

246 3295 258 3331 ⁸
273 3289 392 3338 lacessam
400 3290 553 3353 struebantur,
564 3294 646 3340 “were
656 3290 680 3340 in
690 3291 746 3341 vain
755 3292 825 3344 laide
