2840 4684
497 471 749 517 wrsnmsrorur
773 473 861 518 viru.
1078 455 1119 518 99

238 633 310 680 rum
333 637 497 694 memores,
513 628 545 681 et
559 619 733 702 periculum
750 619 789 681 ob
810 617 950 680 hostium
972 617 1120 700 proximi·

238 739 337 792 tutem
360 730 540 814 capiti¹uut
555 732 689 794 fcrtunis
708 732 867 807 timentes,
884 730 1024 813 cujusvis
1046 745 1120 815 opes

238 854 347 906 contra
361 844 445 906 illius
457 846 630 928 potentiam
645 864 780 906 crescere
793 842 965 919 malebant,
979 842 1121 926 adeoque

185 941 188 945 ’
236 955 309 1037 praej
315 954 416 1017 udicio
427 977 467 1019 ec
479 955 599 1019 invidio
610 956 684 1018 caeci
694 956 821 1031 fiebant,
832 964 869 1017 ut
878 954 977 1038 culpe
987 965 1018 1016 et
1031 955 1121 1018 incu-

235 1064 286 1128 rid
305 1067 550 1150 Weshingtonii,
567 1069 672 1132 omnia
692 1068 789 1143 mele,
812 1088 881 1148 ques
904 1046 1120 1149 obtingehant,

237 1179 378 1240 evenisse
404 1191 436 1242 et
463 1179 612 1243 accidisse
637 1181 771 1243 aiebant.
820 1180 896 1254 Qui*
920 1179 1009 1262 leges
1034 1180 1121 1264 apud

237 1290 486 1373 Pennsylvanos,
512 1303 586 1356 tunc
600 1270 764 1377 temporis,
776 1299 974 1377 'potestatem
1001 1293 1120 1356 ferendi

237 1401 408 1482 hebebant,
423 1406 485 1490 (eo,
499 1405 596 1488 quod,
607 1408 735 1469 forsitan
746 1407 831 1470 urbis
841 1405 992 1490 primoriae
1005 1407 1122 1488 oaptoe⁸

236 1515 391 1600 pigebat)
421 1521 469 1579 ut*
491 1518 772 1600 Woshingtonium
797 1519 831 1582 in
859 1519 991 1581 hiberna
1012 1518 1066 1595 ire,
1088 1529 1122 1580 et

235 1630 412 1693 exercitum
437 1631 496 1692 sub
521 1631 676 1714 pellibus,⁵
696 1653 757 1694 seu
785 1632 934 1708 tentoriis,
958 1633 996 1694 ob
1019 1629 1121 1713 frigus

235 1739 390 1818 brumale,
407 1741 491 1823 quod
510 1743 579 1826 jum
603 1743 752 1819 instabat,
774 1743 927 1812 collocare
951 1755 983 1806 et
1006 1765 1121 1827 ponere

235 1852 372 1916 voluisse
395 1855 551 1931 auditum,
570 1855 690 1916 multus
715 1854 754 1923 de
777 1875 814 1916 eo
836 1877 884 1916 res
906 1855 994 1917 dictu
1018 1854 1121 1916 foedos

235 1963 277 2026 ad
299 1965 514 2046 Congressum
539 1965 740 2049 scripserunt,
763 1965 931 2048 palamque
957 1965 1060 2047 turpia
1081 1963 1121 2026 de

234 2075 288 2139 illo
302 2076 433 2153 effutire,
450 2087 482 2154 et
497 2077 664 2161 predicere
680 2075 768 2148 haud
782 2075 980 2140 dubitabant.

281 2190 360 2263 Quae
385 2188 493 2252 omnia
525 2189 645 2253 invicte
675 2188 813 2271 quodem
843 2189 943 2252 animi
973 2189 1005 2250 vi
1033 2188 1122 2252 facil-

234 2299 312 2365 lime
334 2300 484 2378 edomuit,
506 2301 714 2384 inimicosque
739 2301 831 2364 fateri
853 2300 984 2367 tandem
1006 2301 1120 2383 coegit,

232 2415 340 2478 omniu
365 2435 434 2496 quse
455 2415 646 2492 occiderent,
670 2436 728 2478 neo
754 2415 794 2476 eb
816 2414 893 2492 ullo,
915 2414 983 2484 Deo
1003 2414 1121 2498 optimo

234 2528 374 2594 maximo
389 2511 531 2614 excepto,
547 2529 722 2613 provideri‚⁸
739 2549 797 2590 nec
813 2528 840 2589 si
856 2528 980 2611 provise
1002 2537 1119 2604 essent,

234 2642 388 2724 prohiberi
415 2652 568 2725 poterent.
616 2641 710 2704 Nunc
739 2639 780 2704 'ed
803 2662 851 2702 res
873 2650 978 2722 gestes
1000 2639 1119 2702 Christi

235 2773 319 2817 anno
339 2754 506 2817 millesimo
526 2753 805 2838 septingentesimo
820 2752 1052 2836 septuagesimo
1068 2773 1120 2815 oc-

235 2874 308 2928 tavo
322 2865 515 2928 enarrandas
530 2867 737 2948 nosmetipsos
748 2865 975 2946 *accingemus

266 3039 275 3072 1
295 3033 379 3093 Capiti,
390 3035 405 3060 “
412 3029 473 3080 their
481 3031 562 3080 lives”

265 3116 278 3150 2
294 3109 349 3168 Qut,
362 3111 412 3169 dc,
423 3107 438 3136 ‘⁴
446 3124 461 3156 s
470 3107 613 3173 periphrasis
623 3107 658 3158 sor
667 3109 706 3157 the
716 3107 895 3174 Pennsylvsnie
904 3107 1063 3172 leginleture.”

265 3192 277 3228 ⁸
295 3185 371 3246 Urbis,
384 3185 433 3246 dc,
444 3187 459 3213 “
466 3184 525 3234 their
531 3183 595 3234 chief
600 3185 671 3250 city‚”
681 3184 724 3234 vin
735 3185 906 3250 Philadelphie,
917 3188 932 3213 “
940 3184 1029 3234 takerr‘
1036 3185 1070 3248 by
1079 3182 1119 3233 the

235 3277 333 3400 endmlll,
345 3339 438 3387 “when
450 3339 605 3405 (sescenas)
616 3339 802 3390 itwashearu’v

265 3425 277 3460 t
293 3417 402 3477 Pettius,
419 3415 523 3466 “hides’'
539 3435 565 3468 or
582 3418 663 3480 skins;
682 3424 725 3482 put
741 3418 796 3466 here
812 3416 848 3467 lor
864 3423 936 3475 tectu
952 3415 988 3466 lor
1004 3413 1119 3478 although

234 3493 275 3543 the
291 3492 402 3540 moderns
417 3490 448 3542 do
457 3500 499 3543 not
508 3501 629 3544 construet
638 3496 698 3544 their
709 3502 775 3544 tents
786 3494 813 3544 os
824 3493 898 3554 hides,
910 3500 957 3557 yet,
968 3500 993 3541 to
1002 3509 1018 3540 u
1028 3492 1119 3540 Roman

236 3586 281 3631 car,
291 3569 331 3618 the
340 3568 407 3618 word
416 3568 436 3617 is
447 3570 594 3634 appropriate
604 3572 651 3620 end
661 3579 812 3636 customary3
829 3569 956 3619 inusmuch
965 3583 1001 3627 as,
1011 3567 1052 3616 the
1068 3567 1117 3617 Ro-

235 3661 306 3696 mans
322 3645 393 3694 mede
407 3645 467 3695 their
481 3653 552 3709 tsnts
562 3647 633 3709 osten,
644 3648 672 3698 os
682 3648 756 3697 hides.
788 3649 836 3697 See
845 3647 949 3697 oms
962 3644 1117 3694 Commenta-

235 3740 287 3846 md,
293 3725 420 3864 ἔνῦωιὼη,
431 3803 447 3832 “
453 3805 478 3851 to
487 3801 518 3850 be
527 3799 656 3864 soreseen,”
667 3800 818 3866 anticipetsd.
