2840 4684
311 477 353 542 96
569 495 819 540 vrrsrnuororur
843 495 930 539 rire

311 640 425 716 hostes,
439 638 532 722 juxta
544 642 596 701 ae'
606 639 690 702 eires
703 639 883 702 Americani
897 639 992 722 longe
1005 637 1094 702 aliter
1108 639 1190 702 nati·

310 753 451 814 mebant.
493 751 668 826 Errantem,
684 771 704 813 a
718 751 971 833 Wauhingtonio,
987 753 1100 835 quippe
1120 753 1189 834 qui⁸

310 863 522 936 multitudinis
537 883 664 946 magnae
674 864 824 946 speeiem⁸
835 865 967 947 piabere
980 866 1102 942 avebat,
1116 885 1190 928 oon·

255 1047 258 1057 k
311 977 585 1062 aultodovebatur.
624 963 790 1052 Prmfeetis,
811 976 845 1038 in
863 976 949 1053 locia,
966 984 1029 1059 quo
1052 977 1190 1040 hostiurn

311 1065 407 1173 dobiae
426 1089 558 1150 minime
581 1088 731 1151 accedere
751 1097 903 1171 poterant,
918 1087 1084 1173 dispositis,
1106 1110 1190 1156 eom·

310 1213 436 1265 meatus
458 1202 604 1264 invicem⁴
621 1200 769 1263 facillime
785 1200 951 1267 dabantur.
997 1203 1100 1280 Error,
1115 1224 1192 1286 quo-

310 1335 380 1398 que,
393 1335 453 1396 quo
463 1313 648 1376 laborabant
660 1313 773 1402 hostes,
785 1312 823 1374 de
835 1335 909 1376 vero
919 1314 1057 1377 militum
1069 1315 1191 1378 Ameri-

310 1447 461 1490 eanorum
476 1445 617 1500 numero,
630 1422 1058 1510 Waahingtoniumejuaque
1073 1428 1191 1490 exerei-

310 1549 379 1602 tum
401 1540 441 1601 ab
467 1533 556 1599 omni
577 1537 698 1619 impetu
723 1536 828 1600 hostili
853 1541 961 1601 tutum
985 1560 1190 1624 securumque

309 1649 451 1716 reddidit.

353 1760 442 1824 Dum
457 1760 621 1844 regionem
632 1760 722 1824 illam
737 1762 852 1845 passim
866 1755 1081 1826 lustrabantur
1091 1763 1191 1846 aopiae

310 1873 469 1951 colonieae,
485 1873 627 1936 Britones
647 1869 835 1960 populatum
851 1884 1006 1937 exeuntes
1021 1874 1190 1952 vexabant,

310 1985 453 2068 intraque
483 1987 562 2059 fines
589 1985 721 2068 exiguos
746 2007 815 2050 aeae
840 1987 998 2050 continere
1025 1986 1190 2069 cogebant.

309 2096 551 2164 Velitationibus
576 2099 737 2162 nonnullis
760 2099 838 2162 duos
858 2099 937 2162 inter
953 2099 1111 2166 exereitus·
1134 2098 1193 2160 ali·

309 2211 451 2296 quandiu
467 2212 569 2287 saetis,
584 2210 687 2272 hiems
701 2211 822 2294 reliqua
837 2212 982 2286 traducta
997 2222 1054 2274 eat.

353 2322 423 2384 Etsi
443 2323 512 2404 jam
528 2323 634 2397 antea,
651 2320 711 2402 hoo
726 2322 812 2398 libro,
827 2323 904 2384 satin
919 2322 1025 2406 multa·
1035 2321 1074 2383 de
1097 2320 1194 2403 hujus

311 2433 388 2495 anni
408 2433 499 2494 rebus
522 2433 623 2513 gestis*
640 2429 813 2508 dictasint,
829 2453 943 2515 pauca,
960 2443 1077 2508 tamen,
1094 2432 1192 2494 disso-

310 2564 384 2621 rore‚
409 2555 441 2606 et
465 2542 572 2634 paullo
599 2542 693 2606 altius
718 2542 863 2624 quedam
892 2554 1040 2626 repetere,
1068 2545 1193 2627 tempus

310 2656 483 2720 admonuit.
530 2655 660 2737 Magnae
676 2654 1066 2718 erant'diffieultates'eum
1079 2657 1193 2737 quibus

309 2765 557 2832 conflictandum
584 2778 651 2829 arat
676 2766 928 2850 Washingtonio‚
951 2768 990 2830 ob
1017 2768 1192 2830 exereitum

310 2878 556 2944 sustentandum
578 2899 615 2942 ae
638 2878 849 2943 vestiendum.
896 2880 965 2956 Hae,
989 2891 1106 2965 autem,
1127 2901 1192 2964 non

311 2991 384 3056 oolae
407 3002 496 3054 erant
516 3011 586 3074 quae
609 2992 695 3055 heroi
717 3003 833 3069 nostro,
850 2991 911 3054 hoo
935 2969 1081 3077 tempore,
1098 2991 1192 3056 undi-

311 3125 372 3188 que
398 3105 569 3168 instabant.
616 3104 850 3186 Pennsylvania
875 3115 907 3169 et
933 3104 1076 3167 Caesarea
1101 3103 1193 3168 Nova

311 3226 387 3282 oum
409 3219 504 3282 enixe
525 3227 556 3280 et
571 3219 764 3300 magnopere
780 3217 977 3300 flagitabant,
994 3229 1031 3280 ut
1052 3217 1192 3281 hostium

311 3303 504 3394 inbursiones
531 3351 550 3391 a
573 3328 717 3393 domibus
739 3329 804 3392 suis
831 3329 1031 3414 propulsaret.
1077 3329 1138 3393 His
1158 3330 1192 3392 in

220 3474 228 3492 x
312 3443 491 3506 civitatibus
513 3441 616 3525 plures
638 3442 812 3524 subsequi
836 3440 1027 3504 damnorum
1050 3441 1191 3527 pristino-

341 3590 351 3624 1
367 3583 440 3630 Juxta
449 3599 481 3643 oo,
493 3585 508 3609 ‘⁴
516 3581 605 3630 aswell
615 3585 665 3630 aa.‘’

342 3666 355 3703 a
371 3660 460 3721 Quippe
470 3660 517 3721 qui,
528 3661 543 3686 “
551 3656 636 3718 since‚”
647 3657 696 3719 ie„
707 3674 734 3706 aa
744 3673 790 3708 one
799 3658 861 3719 who,
872 3673 900 3706 aa
909 3656 981 3723 being
990 3673 1036 3708 ona
1046 3656 1109 3708 who.

342 3741 354 3780 t
371 3737 478 3798 spectent,
488 3739 504 3763 “
512 3735 550 3784 the
561 3735 650 3796 ahow‚”
661 3751 687 3784 or
696 3751 850 3799 appearance.

343 3821 355 3858 ⁴
374 3814 522 3875 Omnmeatru,
534 3816 583 3877 rto,
594 3816 609 3842 “
616 3811 814 3864 eommunieation
824 3818 849 3863 to
858 3811 970 3862 andum
