2834 4692
470 495 721 544 wassrrtoaorur
744 497 831 544 vrrs.
1051 485 1093 548 63

210 641 312 708 multa
321 640 493 727 perpessus,
501 643 725 728 pluqueparte
736 643 829 708 tertia
838 642 977 708 militum
987 645 1092 709 morbo

210 766 243 820 et
257 755 429 819 desertione
445 755 563 832 attrita,
579 756 727 818 tribunus
736 754 907 820 Arnoldius
923 755 966 818 ad
987 767 1093 841 partes

212 867 351 932 Canadae
364 867 534 945 habitatas,
545 887 602 931 sex
612 867 883 932 hebdomadarum
895 869 1006 932 itinere
1018 891 1092 934 con·

209 981 302 1058 fecto,
313 979 443 1044 tandem
453 973 605 1066 pervenit.
648 981 787 1046 Canariae
798 979 907 1045 incola
918 981 1092 1048 exercitum

210 1111 252 1156 ex
267 1104 365 1158 vasta
381 1095 502 1178 gremio
516 1091 693 1160 solitudinis
709 1115 869 1178 emergere
881 1095 975 1160 valde
988 1106 1093 1181 stupe·

209 1204 287 1267 bant
299 1228 307 1283 ;
334 1205 448 1270 eadem
471 1225 546 1270 cum
567 1207 776 1285 humanitate,
800 1209 864 1290 qua
886 1207 1094 1272 Americanos

209 1317 345 1401 reliquos
361 1328 582 1397 tractaverant,
599 1318 739 1384 advenas
751 1319 896 1404 excipere
911 1319 1091 1398 instituunt,

208 1430 432 1515 famelicosque
443 1431 558 1496 milites
568 1434 712 1497 omnibus
722 1434 815 1497 rebus
826 1433 1011 1497 necessariis.
1019 1453 1093 1516 sup·

208 1541 403 1627 peditabant.

273 1656 444 1724 Arnoldius
480 1659 725 1728 declarationem
762 1681 819 1723 reu
857 1659 1092 1744 expositionem,

209 1767 444 1853 Washingtonii
457 1772 595 1849 nomine,
610 1771 707 1834 edidit
719 1793 727 1848 ;
751 1770 871 1834 incolas
886 1769 1095 1833 Canadcnses

209 1901 278 1943 sese
301 1881 429 1946 coloniis
450 1882 612 1947 foederatis
626 1892 663 1944 ut
679 1881 845 1958 asciscant,
861 1883 1037 1964 martiaque
1055 1882 1094 1945 ob

209 1991 388 2056 libertatem
397 1992 622 2057 Americanam
636 1991 809 2077 pugnando
821 1991 955 2055 vulnera
969 1993 1095 2076 patian-

209 2113 271 2182 tur,
284 2103 491 2166 vehementur
505 2103 613 2166 suasit.
660 2101 804 2167 Amoldii
819 2114 1006 2188 conspectus
1019 2113 1095 2186 ante

212 2217 343 2292 Quebec
358 2215 532 2302 oppidanos
541 2215 637 2280 valde
651 2215 863 2280 consternavit
876 2241 883 2291 ;
902 2227 935 2279 at
946 2217 1095 2300 quoniam

210 2339 369 2394 tormenta
389 2329 510 2414 majora
525 2349 620 2412 agero
635 2349 809 2411 secumque
824 2329 932 2392 afferre
947 2329 1095 2413 nequive-

210 2453 269 2521 rat,
285 2442 397 2522 aditus,
412 2441 466 2525 qui
489 2441 532 2505 ad
551 2443 662 2512 urbem
687 2441 856 2520 ducebant,
874 2442 1095 2507 tantummodo

212 2576 376 2641 occupare,
392 2556 568 2641 copiaeque,
584 2576 663 2638 quas
678 2555 764 2619 fortis
782 2533 1005 2640 Montgomery
1019 2554 1097 2619 duc·

212 2668 311 2745 tabat,
327 2677 492 2752 expectare
508 2667 680 2730 constituit.

258 2780 440 2866 Imperatori
461 2779 508 2844 illi
523 2777 632 2842 multis
654 2799 729 2842 cum
743 2777 979 2843 difficultatibus
1001 2781 1095 2844 simul

214 2903 282 2956 erat
301 2885 547 2975 confligendum,
562 2912 697 2974 quarum
716 2892 874 2978 praecipua
888 2902 956 2955 erat
977 2894 1096 2956 exerci-

214 3009 267 3068 tas
292 3004 432 3081 licentia,
455 3004 508 3086 qui
538 3024 579 3069 ex
608 3004 799 3082 hominibus,
823 3004 942 3068 nullius
968 3005 1096 3089 imperio

123 3109 125 3120 '
215 3116 428 3199 obtemperare
451 3117 594 3194 assuetis,
609 3126 641 3180 et
663 3118 685 3181 a
707 3116 874 3200 disciplina
893 3116 1020 3179 militari
1042 3117 1099 3179 ab·

215 3228 436 3306 horrentibus,¹
465 3229 629 3292 conflatus.
683 3229 851 3292 Summam
886 3227 1097 3311 vigilantiam,

216 3340 409 3418 comitatem,
431 3341 687 3426 facundiamque,
700 3341 818 3404 milites
834 3361 986 3417 coercere,
1002 3349 1034 3402 et
1055 3337 1098 3402 ad

213 3455 336 3539 justam
346 3452 543 3539 disciplinam
553 3473 706 3532 revocare,
717 3453 903 3539 postulabat.
939 3452 1098 3533 Magnan-
1129 3437 1130 3442 ἵ

216 3568 332 3644 imitas,
349 3576 470 3643 tamen,
484 3576 516 3630 et
538 3553 704 3652 prudentia
726 3563 949 3650 Montgomerii
966 3561 1099 3626 tandem

312 3783 523 3836 calamorum.
554 3781 669 3834 “Aversa
679 3783 739 3835 from
747 3782 850 3846 military
857 3776 1004 3845 unapars*
