2834 4692
453 1059 864 1166 PROOEMIUM.

561 1310 758 1326 m

264 1497 388 1563 Pennis
404 1497 517 1563 Petriae
529 1497 641 1575 vitam,
653 1517 742 1582 opus,
756 1496 824 1559 sive
839 1493 881 1557 cd
892 1492 951 1556 viri
961 1489 1104 1566 virtutes,

219 1625 285 1688 sive
309 1623 350 1688 cd
364 1623 530 1710 praeclaras
544 1645 593 1686 res
609 1623 649 1686 ab
664 1622 720 1686 illc
736 1632 768 1685 et
783 1623 926 1707 inceptas
941 1628 973 1682 et
987 1619 1105 1712 perfec-

219 1761 269 1814 tes
283 1739 475 1837 spectemus,
491 1750 578 1814 omni
594 1751 673 1813 curi
687 1725 838 1832 omnique
853 1746 1023 1830 diligentia
1036 1745 1107 1827 dig·

220 1876 402 1954 nissimum,
418 1895 562 1939 sermone
579 1875 706 1951 Latino,
722 1871 832 1958 procul
847 1873 979 1956 quidem
1001 1871 1108 1936 Romi

221 2012 253 2064 et
276 2000 433 2064 Romuleo
455 2001 602 2076 flumine,
620 2000 751 2082 ignotus
771 2019 906 2064 exurere
929 1997 1105 2080 aggredior.

222 2125 341 2190 Nullus
364 2093 474 2189 eutem
498 2124 609 2190 dubito
630 2124 709 2206 quin
730 2123 903 2208 permultos
923 2099 1109 2199 invenerim,

222 2252 278 2334 qui
293 2271 396 2334 genus
411 2250 471 2314 hoc
487 2249 642 2314 scribendi
657 2252 775 2314 nature
790 2251 852 2312 sui
863 2247 959 2312 nimis
974 2248 1110 2311 inusita-

223 2388 306 2455 tum,
321 2397 449 2460 meque,
463 2375 551 2459 ¹quod
574 2375 615 2438 ad
629 2370 744 2439 ueteris
767 2375 851 2439 Latii
870 2394 1014 2438 nonnam
1037 2376 1112 2438 etti-

223 2515 308 2581 neat,
330 2502 425 2588 plene
447 2503 603 2588 hospitem
618 2523 687 2566 esse
708 2501 894 2588 judicarint.
939 2500 1111 2584 Utcunque

224 2631 292 2707 crit,
313 2629 440 2713 juvebit
462 2634 573 2693 temen
592 2631 717 2693 famem
730 2629 800 2705 viri,
816 2627 962 2691 omnium
982 2627 1113 2691 saeculc-

225 2777 298 2820 rum
313 2755 408 2819 facile
422 2756 581 2842 principis,
591 2724 645 2840 nro
657 2755 740 2820 virili
749 2761 839 2839 perte
852 2773 906 2822 me
919 2754 1024 2839 ipsum
1040 2775 1114 2820 con·

225 2901 375 2974 successe,
392 2883 540 2965 iactaque
563 2881 632 2965 ejus
646 2881 861 2967 pulcherrime
875 2881 1033 2946 memoriae
1051 2891 1114 2942 tra·

227 3007 342 3072 didisse
357 3008 477 3072 Latina
491 3008 728 3072 immortalitate
740 3008 868 3074 donate.
908 3006 1006 3092 Apud
1019 3026 1113 3088 quos-

228 3154 356 3217 cunque
369 3144 480 3198 sutcm
493 3133 616 3198 labores
630 3136 728 3198 nostri
744 3133 1003 3199 benevolentiam
1018 3141 1114 3213 etque

228 3261 369 3324 savorem
399 3259 601 3346 sibimetipsis
629 3260 809 3340 concilient,
836 3259 1038 3349 meminerint
1067 3257 1115 3320 illi

229 3405 328 3469 quam
341 3385 383 3450 sit
395 3386 475 3450 inter
488 3386 675 3452 difficillime
688 3408 737 3450 res
747 3409 847 3452 novas
857 3398 972 3451 ornatu
983 3383 1115 3465 antiquo

230 3511 355 3587 vestire,
366 3513 489 3590 et,siin
500 3512 611 3595 alique
621 3523 708 3597 parte
718 3513 892 3579 titubantes
903 3511 1114 3587 inveniamur,

232 3655 323 3720 aequo
345 3633 393 3699 illi
416 3637 595 3722 acceperint
620 3639 728 3706 enimc
752 3651 849 3724 atque
869 3637 961 3702 errori
985 3636 1114 3700 veniam

233 3733 453 3828 concesserint
505 3827 507 3834 ,
