2840 4684
306 453 366 514 114
560 468 811 515 wusmrrororrrr
834 467 922 514 vrrs.

300 635 357 679 nes
373 615 603 679 Princetoniem
618 635 736 693 versus,
756 617 916 680 unacum
940 634 997 676 sex
1011 611 1186 676 tonnentis¹

299 729 470 813 majoribus
481 729 610 806 bellicis,
623 729 682 791 iter
694 730 796 790 facere
810 736 983 811 coeperunt.
1017 724 1186 801 Omnium,

299 863 369 925 quoe
394 842 605 927 postularunt,
621 841 719 904 literis
745 841 876 924 scriptis,
903 840 943 903 ad
969 838 1186 921 congressum

298 955 638 1032 rationes²1niserunt3
664 955 787 1029 Quibus
803 954 836 1016 in
861 953 1131 1037 literispetebant,
1148 961 1187 1013 ut

298 1066 498 1150 stipendium,
516 1066 573 1129 sibi
585 1067 654 1150 jem
670 1066 726 1129 diu
741 1066 894 1144 debitum,
912 1069 930 1130 ὲ
946 1065 1093 1148 vestigio⁸
1108 1085 1186 1149 pen·
1289 1155 1292 1162 Ι

298 1179 425 1244 deretur
438 1207 445 1254 3
470 1191 570 1264 utque
593 1179 788 1264 stipendium
804 1181 838 1241 in
854 1190 1014 1263 posterum
1028 1179 1185 1256 omnibus,

298 1295 351 1376 qui
374 1295 515 1358 nomina⁴
542 1293 676 1379 profiteri
699 1303 943 1376 perseverarent,
959 1291 1084 1357 saltum
1107 1313 1185 1376 prae-

296 1411 457 1469 staretur.⁸

339 1515 487 1602 Legionis
502 1517 802 1599 Pennsyl'veniensis
823 1517 971 1602 praefecti,
989 1517 1186 1599 Congressus

295 1651 366 1714 pers
382 1630 538 1713 quaedam,
555 1630 640 1694 etde
656 1631 787 1694 consilio
808 1629 1091 1712 Pennsylvenicnsi
1106 1623 1185 1712 pub·

295 1740 517 1834 licodelegati
542 1743 700 1820 nonnulli,
723 1737 884 1805 seditiosos
909 1741 1025 1802 milites
1053 1739 1130 1802 istos
1151 1740 1186 1803 in

297 1851 433 1937 gratiem
449 1877 524 1918 cum
540 1857 693 1940 praefectis
709 1855 858 1919 reducere
874 1855 1081 1917 conabantur.
1113 1853 1186 1916 Etsi

295 1967 411 2030 horum
426 1969 586 2051 postulata
606 1959 785 2053 justissima
800 1979 900 2046 erant,
916 1978 1035 2044 tamen,
1051 1965 1129 2028 dum
1151 1965 1186 2028 in

295 2080 447 2144 seditione
461 2085 571 2166 aperte
584 2083 815 2170 continuarent,
824 2081 870 2146 nil
877 2081 933 2144 ,his
944 2079 1186 2145 concedendum

291 2182 372 2276 jure'
389 2214 477 2276 posse
493 2195 756 2276 Washingtonius
772 2195 886 2272 duxit3
912 2193 1000 2277 quod
1024 2194 1050 2255 si
1075 2213 1185 2256 sorum

295 2304 461 2389 postulatis
468 2307 562 2368 venia
573 2316 630 2367 aut
640 2305 771 2368 licentia
778 2306 845 2367 ulla
852 2304 989 2380 daretur,
998 2303 1186 2385 exemplum

295 2415 469 2500 pessimum
485 2415 655 2498 disciplinae
671 2415 800 2477 militari
814 2416 1023 2476 exhiberetur.
1061 2415 1105 2477 Ut
1117 2415 1185 2477 brc-

295 2528 342 2590 vis
357 2527 426 2604 sim,
441 2525 577 2589 seditiosi
591 2525 721 2589 tandem
735 2526 776 2589 ad
787 2526 925 2588 officium
935 2511 1038 2587 ‘redire
1051 2524 1184 2589 indu'ccss

295 2640 431 2702 bantur:
457 2638 574 2714 hostes,
591 2639 720 2716 interea,
738 2650 774 2700 ut
789 2638 872 2720 regis
887 2637 1062 2700 Britannici
1078 2649 1184 2721 partes

295 2749 411 2813 milites
433 2750 485 2811 isti
508 2749 816 2832 Pennsylvanienses
840 2750 1115 2833 amplecterentur,
1138 2749 1184 2812 nil

295 2863 461 2924 infectum⁸
478 2873 534 2924 aut
549 2863 742 2925 intentatum
754 2863 930 2944 reliquere:
949 2872 991 2938 at,
1006 2862 1049 2938 hi,
1063 2872 1182 2939 contra,

326 3081 335 3114 1
354 3075 490 3140 Tormentis,
503 3077 552 3135 dfe,
563 3075 595 3138 by
605 3074 651 3124 this
662 3089 702 3122 are
711 3075 766 3122 hers
776 3079 865 3134 meent,
876 3087 980 3133 cannen,
990 3087 1017 3121 or
1030 3069 1183 3137 field-pisces.

325 3158 337 3194 2
353 3151 470 3212 Rationes,
482 3154 497 3178 “
504 3167 535 3199 en
546 3159 650 3200 account
659 3150 687 3204 os
692 3151 751 3200 their
760 3150 900 3211 demands.'’

325 3234 337 3271 Ι
352 3228 375 3276 Ε
391 3231 492 3290 vestigio,
505 3232 519 3256 “
527 3227 669 3289 sorthwith,”
679 3227 801 3293 instently.

324 3313 336 3347 ⁴
354 3305 402 3362 Qut
411 3307 511 3366 amcino,
523 3307 573 3366 dfe,
585 3306 659 3354 “who
669 3305 755 3354 should
765 3304 877 3354 continue
886 3311 911 3354 to
920 3303 1013 3366 enlist,”
1023 3319 1050 3352 or
1059 3301 1182 3354 reuminiu

294 3381 440 3431 theservico.
803 3399 804 3404 ¹

324 3468 335 3502 t
354 3460 447 3508 summ
453 3464 610 3522 prestoletur,
622 3458 728 3508 “should
738 3461 768 3508 be
781 3458 902 3519 secursd,”
912 3474 939 3508 or
948 3458 1101 3522 gueranteed.

324 3537 471 3598 ⁵lnsectum,
489 3537 629 3598 “undonc,”
646 3536 835 3586 “unfinished:”
859 3536 898 3586 Sir
913 3537 999 3602 Henry
1016 3537 1122 3597 Clinton,
1139 3535 1180 3585 the

293 3614 557 3665 commender-inaniet
568 3615 596 3664 os
607 3615 647 3666 the
656 3614 744 3664 British
753 3613 828 3664 lomes
844 3614 868 3662 in
879 3613 999 3676 America,
1010 3614 1096 3663 offered
1112 3613 1179 3661 these

294 3691 423 3741 mutineers
432 3708 488 3757 very
499 3692 678 3756 edvantageous
694 3700 774 3753 tenns,
785 3690 806 3739 if
817 3691 873 3756 they
883 3691 963 3740 would
976 3691 1026 3757 join
1036 3691 1076 3740 the
1092 3687 1179 3738 British

293 3783 375 3834 urmy;
393 3771 437 3819 but
445 3769 509 3836 they,
519 3770 576 3837 only
586 3769 694 3820 desimus
704 3768 734 3819 ol
744 3785 759 3818 e
774 3768 866 3819 redress
876 3768 904 3819 of
915 3768 1062 3836 grievences,
1073 3763 1178 3831 spumed
