2824 4670
482 471 733 536 warmaciam-1
756 471 845 518 vrri.
1043 455 1104 518 tar

206 616 296 689 xvita
325 635 421 678 cursu
445 614 603 679 dimovere
632 616 763 681 minime
794 621 947 701 poterant.
993 617 1105 701 Populi

223 727 493 814 partisapientiori
509 727 680 806 consulere,
697 729 794 812 plebis
810 727 982 792 commodis
1004 729 1106 813 provi·
1123 725 1125 728 ’

223 838 307 916 dere,
323 851 355 900 et
368 839 458 922 vulgi
474 841 626 918 convicia,
641 843 735 924 probb
752 841 885 924 agendo,
900 852 1107 906 contemnere

175 1027 179 1034 ι
223 971 325 1012 ausus
335 962 391 1014 est.
437 953 540 1016 Plebi·
553 955 691 1016 favorem
705 963 736 1015 et
752 953 891 1034 gratiam
902 953 1015 1035 magni
1030 975 1107 1036 pen·-

223 1061 328 1140 dcbat,
343 1066 473 1140 famam,
489 1076 607 1141 tamon,
623 1065 723 1147 vulgi,
738 1066 846 1132 officio·
861 1066 980 1144 relicto,
998 1077 1030 1128 et
1043 1065 1108 1130 fide

224 1175 354 1258 prodita,
371 1163 512 1260 captare¹
527 1179 696 1241 nesciebat.

267 1288 478 1372 Temporibus
503 1289 704 1368 difficillimis,
732 1292 853 1354 famam
878 1290 1107 1373 benepartam

223 1402 360 1485 periculo
396 1402 585 1485 objectabat,
614 1405 775 1485 officioque
802 1405 887 1466 recte
922 1403 1108 1484 integreque

221 1515 324 1596 fungi,
340 1517 440 1597 quam
455 1517 548 1578 fama
563 1516 671 1600 inepte
684 1517 808 1592 servire,
822 1515 969 1580 malebat.
1016 1513 1107 1578 Bello

222 1625 378 1710 Europae
393 1628 553 1705 seviente,
567 1629 713 1692 nationes
727 1629 960 1711 belligerantes,
976 1639 1107 1710 gentem

222 1740 322 1804 uliam
346 1742 519 1824 apartium
535 1741 639 1806 studio
658 1742 834 1804 immunem
849 1759 927 1818 esse,
943 1742 998 1804 vix
1020 1751 1108 1824 pate-

223 1864 339 1915 rentur.
386 1853 435 1915 Ne
457 1855 490 1916 in
505 1855 655 1916 vorticem
677 1863 806 1915 tantum
825 1854 982 1916 beliorum
996 1853 1028 1914 vi
1050 1861 1109 1914 aut

224 1963 344 2026 insidiis
367 1963 516 2026 Amarica
540 1963 729 2039 traheretur,
749 1965 914 2026 verebatur
937 1963 1108 2043 Washing·

224 2075 336 2138 tonius.
384 2073 437 2138 Ad
450 2074 520 2150 hoc,
529 2074 626 2136 multi
637 2095 679 2136 ex
692 2074 813 2137 civibus
825 2073 899 2156 ipsis
910 2073 1108 2136 Americanis

224 2189 246 2252 a
261 2187 397 2270 partium
410 2186 513 2251 studio
528 2187 687 2250 immunes
702 2205 832 2248 manere
848 2185 1010 2267 egerrime
1022 2193 1109 2267 pote·

223 2311 316 2378 rant;
341 2319 457 2382 eosque
480 2299 563 2362 intra
577 2299 696 2382 imperii
716 2297 795 2380 justi
810 2298 889 2360 fines
912 2317 1053 2360 coercere
1077 2306 1110 2360 et

223 2415 383 2476 continere
403 2412 492 2475 haud
514 2431 677 2494 quaquam
697 2409 792 2474 facile
814 2419 901 2473 erat:
931 2429 1041 2492 quam,
1062 2419 1109 2474 ta·

170 2574 177 2587 Ι
223 2545 309 2602 men,
317 2523 782 2605 difficultatemWashingtonii
792 2521 972 2604 vigilantia,
983 2521 1109 2586 solertia

224 2650 257 2702 at
271 2639 429 2701 industria
441 2636 598 2700 indefessa
610 2637 724 2700 vicere.
772 2635 847 2700 Hac
862 2635 896 2698 in
911 2654 1015 2697 rerum
1030 2632 1109 2698 diffi-

225 2751 370 2828 cultate,⁵¹
386 2750 463 2832 quin
478 2750 633 2812 Americae
656 2747 829 2811 commodis
849 2748 1034 2826 consuleret,
1049 2748 1109 2810 im·

156 2843 158 2850 Ι
225 2864 323 2948 pcdiri
339 2885 403 2926 non
418 2873 538 2946 poterat
552 2861 826 2941 Washingtonius.

269 2975 463 3050 Amerinam,
480 2973 616 3057 patriam
631 2971 861 3049 charissimam,
878 2984 915 3034 ut
929 2971 1013 3034 filius
1028 2971 1108 3054 pius,

226 3085 337 3148 dilexit
344 3108 354 3163 ;
377 3086 526 3167 quocirca
540 3103 651 3167 pacem
666 3103 741 3146 cum
755 3085 902 3166 gentibus
918 3081 1031 3146 exteris
1046 3103 1109 3144 ser-

226 3219 299 3264 vare
315 3197 486 3289 constituit.
533 3196 642 3259 Domi⁸
657 3195 803 3273 factione,
814 3195 934 3259 insidiis
950 3193 1108 3276 miniique

258 3408 266 3441 1
287 3402 390 3462 Cartare,
402 3404 451 3461 aa,
463 3402 477 3428 “
483 3406 508 3448 to
517 3399 586 3448 catch
596 3403 643 3450 ψ’

257 3486 269 3522 a
285 3475 430 3538 Difficultm,
443 3479 492 3536 da,
503 3479 518 3504 ‘⁸
525 3475 550 3524 in
557 3475 603 3524 this
613 3475 730 3540 difficulty
736 3474 765 3524 of
769 3474 856 3535 affairs,
862 3472 1028 3537 Wasbington
1038 3469 1109 3520 could

227 3561 270 3604 not
278 3554 309 3602 ba
318 3552 447 3618 prevented
456 3552 516 3601 from
526 3553 660 3618 consuitiug
670 3553 710 3602 the
720 3551 867 3615 advantages
878 3549 906 3598 of
918 3548 1052 3598 America.'¹

258 3639 269 3672 ⁸
285 3631 361 3690 Docti,
374 3633 423 3692 dc,
434 3629 473 3676 “it
483 3645 533 3678 was
543 3630 672 3694 attempted
684 3631 715 3694 by
721 3627 809 3677 fection
819 3634 844 3674 at
853 3627 930 3686 home,
938 3627 970 3689 by
978 3631 1109 3688 strategem

227 3708 275 3757 and
282 3706 372 3755 threats
382 3704 478 3766 obruad,
484 3711 509 3753 to
516 3705 561 3752 call
571 3706 619 3757 and
626 3706 680 3754 laad
687 3705 737 3753 him
747 3704 819 3764 adde,
825 3703 885 3750 from
892 3718 907 3749 a
914 3708 1003 3749 correct
1012 3699 1108 3750 metbod

227 3785 256 3836 ot'
267 3782 398 3850 governing
407 3783 447 3833 the
457 3781 574 3848 republi03
592 3783 683 3832 butthe
693 3780 898 3846 experimentum
911 3777 1060 3844 ineffectum
1076 3777 1110 3828 hs
