2840 4684
314 517 375 582 154
567 536 817 583 wssmrtarorur
840 537 928 582 vrrs.

356 679 401 742 Hr
429 679 606 742 animorum
638 693 752 758 motus,
782 691 1042 766 tempestatesque
1079 691 1188 759 tante,

310 789 592 874 Washingtonium
631 793 760 857 incitare
792 791 835 856 ad
870 793 1095 876 cogitationem
1119 815 1189 856 ma·

306 901 417 987 jorem,
433 923 496 966 non
510 911 584 967 vero
600 903 641 966 ad
656 904 775 968 consilii
798 915 854 967 eut
876 907 1037 970 sententiae
1058 906 1189 968 muteti-

311 1033 401 1076 onem
430 1015 613 1098 compellere
635 1025 693 1078 aut
710 1015 836 1098 adigere
860 1017 996 1098 quivere.
1042 1016 1095 1081 Ad
1111 1016 1189 1080 ami·

312 1145 387 1188 cum
401 1125 560 1207 quendam
575 1127 618 1189 sic
633 1127 788 1210 scripsisse
804 1129 900 1190 fertur
914 1128 1190 1210 Washingtonius,

313 1239 431 1300 “ratio¹
447 1259 512 1300 una
534 1238 754 1302 tantummodb
769 1250 875 1315 restat,
891 1238 1064 1322 eademque
1080 1259 1190 1302 verum

311 1370 456 1432 quaerere,
473 1351 566 1432 idque
579 1351 681 1413 solum
695 1351 847 1433 persequi,
862 1349 1084 1421 demonstrat.”
1118 1351 1190 1414 Foe-

310 1460 370 1524 dus
394 1461 463 1544 jam
490 1461 610 1544 pridem
636 1461 755 1524 sancire
770 1462 1054 1544 Weshingtonium
1076 1462 1190 1525 eonsti-

311 1574 431 1650 tuisse;
455 1573 548 1654 idque
572 1573 653 1638 bello
679 1573 885 1657 praestabilius
907 1573 1045 1650 duxisse,
1060 1574 1198 1637 omnino

312 1685 494 1746 verisimile²
523 1695 592 1748 est:
629 1693 783 1772 attamen,
808 1705 885 1750 eum
912 1685 1191 1749 vehementissime

312 1796 452 1878 pigebat,
468 1795 571 1858 foedus
592 1795 678 1860 istud
700 1795 780 1860 adeo
797 1798 818 1862 b
838 1797 925 1879 plebe
941 1795 1135 1880 reprehendi,
1152 1795 1190 1857 si·

311 1907 443 1988 mulque
458 1907 515 1969 sibi
529 1906 711 1990 plaudebat,
724 1929 797 1970 cum
812 1917 982 1990 reputaret,
994 1918 1118 1990 tempus
1132 1909 1192 1970 sor-

312 2017 395 2080 sitan
422 2018 511 2081 haud
536 2019 643 2102 procul
668 2020 787 2095 abesse,
802 2039 864 2100 quo
890 2019 977 2102 plebs
1003 2019 1135 2082 consilia
1158 2019 1193 2082 in

310 2130 425 2194 molius
440 2133 575 2192 referret.
621 2130 737 2194 Pacem
759 2150 834 2192 cum
854 2131 926 2193 orbe
950 2137 1101 2194 terrarum
1123 2129 1193 2194 uni-

312 2261 399 2304 verso
415 2240 604 2326 (dummodo
620 2241 752 2306 honeste
767 2241 833 2304 fieri
847 2241 967 2324 potuit)
982 2263 1106 2305 servare
1120 2263 1193 2304 ave-

312 2353 367 2414 bat
381 2352 655 2434 Washingtonius.
700 2353 790 2416 'Mola
803 2352 894 2415 hellis
908 2363 998 2414 tanta
1012 2353 1112 2416 inesse
1134 2374 1194 2436 pu-

312 2463 401 2538 tavit,
425 2474 472 2539 ut,
497 2462 558 2526 nisi
584 2463 780 2528 necessitudo
805 2463 949 2524 maxima
973 2474 1124 2545 posceret,
1139 2467 1194 2526 ea’

313 2593 378 2638 non
393 2573 591 2658 suscipienda
606 2587 663 2639 aut
678 2573 832 2640 sumenda
848 2573 1013 2636 arbitratus
1028 2575 1077 2638 sit.

357 2686 484 2750 Domini
505 2687 566 2768 Jay
580 2687 783 2770 legationem,
800 2685 949 2747 ultimam
970 2705 1046 2747 cum
1068 2686 1194 2749 Britan*

314 2796 364 2860 nis
374 2817 486 2880 pacem
497 2798 642 2862 servandi
652 2792 817 2872 rationem,
829 2795 953 2871 meritb,
963 2794 1065 2859 duxit*
1077 2797 1193 2861 Wash-

344 2994 444 3055 illatio,
462 2998 511 3055 tyr„
529 2997 595 3042 “one
611 2991 706 3040 matbod
724 2991 783 3055 only
790 2989 900 3053 remeius,
910 2990 959 3039 end
975 2991 1015 3040 the
1031 3007 1098 3041 earne
1114 2992 1195 3058 points

313 3075 356 3118 out
365 3075 389 3118 to
399 3071 457 3119 acels
466 3070 505 3118 the
514 3069 586 3128 truth,
596 3067 644 3116 ond
654 3067 732 3116 follow
741 3066 761 3115 it
769 3065 861 3116 alone.”
893 3067 917 3116 A
927 3067 997 3116 noble
1007 3068 1140 3118 sentiment

344 3152 356 3189 a
375 3146 506 3204 reserante,
514 3147 563 3204 de„
574 3143 642 3192 “itis
652 3144 781 3208 eltogetlrer
790 3143 910 3208 probable,
917 3145 1137 3210 thothshington
1147 3146 1195 3196 had

313 3220 371 3285 long
387 3220 452 3270 since
468 3218 572 3268 resolved
588 3225 613 3268 to
627 3219 696 3284 retily
706 3220 746 3268 the
760 3227 844 3285 hasty,
854 3221 903 3270 end
917 3221 969 3270 thot
987 3221 1162 3275 heoonsidered
1176 3222 1196 3274 it

316 3298 369 3359 (dre
377 3299 464 3360 treety)
476 3312 505 3344 as
513 3294 586 3360 being
597 3297 672 3346 better
681 3295 741 3346 than
750 3301 822 3347 wer?

344 3382 356 3417 e
370 3375 414 3434 Eo,
426 3377 475 3434 det,
490 3371 597 3433 (scilicet,
608 3373 682 3437 bella)
694 3374 766 3424 “tbst
780 3375 810 3424 he
827 3374 928 3438 thought
942 3375 999 3439 they
1009 3375 1093 3424 should
1108 3382 1150 3424 not
1164 3377 1194 3424 bo

314 3450 463 3504 undertakes
479 3463 506 3496 or
521 3447 630 3512 engaged
648 3448 681 3510 in,
697 3451 781 3500 unless
798 3450 839 3500 the
855 3457 959 3515 greatest
974 3451 1095 3517 necessity¹
1109 3451 1195 3501 should

314 3525 418 3575 demand
427 3525 467 3573 ἦν’

344 3611 355 3646 t
372 3605 453 3663 Duxit,
466 3605 515 3662 oa,
526 3599 711 3666 “Woshington
725 3601 864 3667 deservedly
873 3603 1011 3653 considered
1025 3604 1076 3654 thet
1091 3604 1131 3652 the
1145 3618 1193 3651 em-

314 3679 388 3744 bossy
400 3679 428 3729 of
441 3679 489 3727 Mr.
507 3678 563 3742 Jey,
577 3694 628 3726 was
643 3678 683 3726 the
695 3679 741 3728 test
753 3679 849 3728 method
864 3679 892 3728 ot'
904 3681 1040 3744 preserving
1053 3695 1125 3746 peace
1135 3678 1194 3726 with

314 3755 355 3803 the
364 3755 457 3816 Britisb,
468 3754 516 3804 and
531 3755 586 3804 thus
592 3755 631 3803 the
641 3755 750 3820 rejection
760 3755 789 3804 ot‘
799 3756 839 3806 the
848 3763 925 3820 treety
931 3757 982 3820 just
991 3773 1046 3804 now
1056 3753 1194 3803 modswith

315 3830 455 3895 tbeBritish,
463 3832 552 3882 hawall
559 3832 632 3882 knew
640 3832 727 3894 would,
733 3832 901 3896 essuredly‚be
912 3830 1115 3895 thohsrbingeros
1121 3833 1194 3880 wer?
