2824 4670
516 518 766 568 wssuruerouu
790 520 877 567 vrrs.
1076 505 1137 570 201
1190 503 1194 512 '

254 673 386 728 strenuo
412 663 591 743 instructoe,
618 664 777 730 decertare
805 667 890 732 certe
917 663 1141 734 difficillimum

254 777 325 840 fuit.
818 845 821 871 ἱ
1016 791 1017 796 ’

297 889 573 973 Weshingtonius¹
589 911 684 968 unus,
701 891 755 974 qui
769 903 880 966 eontra
895 891 975 956 viros
990 892 1070 956 tales
1085 891 1139 958 de-

254 1011 397 1080 certaret,
410 1003 544 1070 idoneus
558 1004 755 1082 habebatur;
772 1005 949 1077 neminnm'
963 1005 1073 1083 elium,
1084 1008 1139 1089 qui

252 1134 384 1180 munere
397 1126 486 1182 tauto
496 1117 615 1200 dignus
627 1129 719 1197 esset,
732 1119 863 1182 inveniri
878 1119 1011 1184 minime
1021 1118 1138 1184 dicem:

253 1225 325 1292 Hoc
347 1232 475 1294 tantum
493 1229 573 1308 dieo,
589 1231 717 1296 nullum
740 1217 851 1309 elium,
867 1230 923 1313 qui
944 1251 993 1294 res
1013 1231 1138 1298 Ameri-

251 1359 349 1404 eanas
364 1341 533 1414 feliciorem
547 1343 590 1407 ad
604 1344 729 1408 exitum
744 1344 914 1457 perducere
930 1343 1075 1426 quiverit,
1089 1344 1137 1406 in·

251 1453 350 1518 veniri
365 1453 511 1537 potuisse.

295 1565 392 1645 Gelli,
414 1574 514 1651 porte,
529 1567 666 1653 plurimi,
681 1567 768 1634 domi
782 1567 912 1646 nobiles,
928 1568 1137 1634 Americano·

248 1698 321 1742 rum
346 1689 451 1764 partes
477 1680 627 1765 amplexi,
644 1680 686 1744 ad
710 1701 779 1744 oras
804 1681 1013 1747 Amerieenae
1037 1703 1137 1746 naves

246 1790 447 1875 appulerunt.
485 1793 525 1857 ln
535 1792 584 1856 his
594 1793 656 1856 fuit
667 1793 715 1856 Le
730 1793 878 1874 Fayette,
892 1793 1005 1858 Gallus
1018 1815 1136 1879 preno-

247 1901 329 1980 bilis,
344 1905 399 1985 qui
412 1903 673 1967 Americenorum
688 1892 830 1985 injurias,
847 1904 1044 1968 aBritannis
1066 1906 1137 1970 ille-

248 2024 308 2091 tes,
319 2015 499 2090 miseratus,
512 2013 554 2077 nd
565 2033 676 2078 eorum
686 2013 863 2076 subsidium
874 2016 1019 2079 cucurrit
1054 2018 1137 2080 Prae.

247 2125 292 2191 lia
306 2126 420 2204 multe,
435 2125 549 2210 quibus
564 2125 716 2203 interfuit,
732 2135 765 2188 et
777 2145 912 2208 quorum
927 2147 1000 2210 pers
1014 2146 1137 2210 magns

245 2248 324 2316 eret,
340 2238 474 2322 longum
496 2247 578 2302 esset
593 2236 801 2302 dinumerare.
849 2239 935 2302 Setis
950 2239 985 2302 in
1003 2259 1136 2323 prasen-

247 2351 295 2414 tia
309 2350 398 2415 nobis
408 2351 448 2414 eit
460 2349 573 2428 dicere,
587 2371 673 2428 eum,
686 2349 798 2435 preliis
809 2351 955 2415 omnibus
967 2352 1137 2418 fortissime

246 2483 316 2528 sese
330 2464 472 2548 gessisse,
486 2473 520 2526 et
533 2460 773 2546 Waehing'tonii
788 2463 935 2545 gretiam,
949 2464 1135 2542 amicitiam,

245 2588 279 2641 et
293 2577 545 2641 familiaritatem
560 2575 753 2642 conciliasse.

290 2689 409 2755 Adhuc
424 2687 510 2773 apud
525 2688 634 2752 Gallos
649 2688 740 2751 vivit⁸
755 2688 815 2750 iste
831 2686 923 2752 miles
935 2689 1135 2767 fortissimus,

245 2803 303 2885 qui
318 2801 358 2866 de
373 2802 518 2866 libertate
533 2800 726 2864 Americanfi
748 2800 865 2884 optime
888 2802 1021 2880 meruit;
1046 2813 1135 2866 oeter·

246 2920 350 2992 num,⁴
367 2915 463 2990 enim,
479 2933 596 2976 nomen
617 2915 800 2995 famemque
823 2915 845 2980 a
864 2913 1025 2978 Britannis
1044 2907 1135 2980 clade

279 3088 288 3122 ι
307 3080 506 3142 Wmlergtea'ur,
518 3081 568 3139 ἀι,
579 3077 1135 3142 “Waehingtenwasaloneesteemedfitwhe

247 3155 334 3206 should
343 3155 447 3205 eontend
459 3156 496 3216 (to
505 3154 620 3219 euntend)
633 3154 752 3220 against
738 3155 798 3204 such
807 3160 885 3206 menJ’

279 3242 290 3278 ι
305 3230 704 3296 Meamne,“1wffl,byno
719 3247 813 3294 means,
829 3248 881 3298 say,
893 3232 946 3282 thet
960 3247 992 3282 no
1007 3230 1074 3281 other
1088 3245 1135 3282 one

247 3324 301 3360 was
309 3309 390 3371 found,
404 3309 459 3358 who
468 3307 726 3374 rnrghtbeworthyof
738 3316 883 3374 segreeten
893 3309 985 3371 effiee,”
994 3308 1034 3370 (es
1043 3305 1134 3358 thatol'

247 3385 513 3440 eommnnder-inelries
524 3384 552 3436 oi
561 3385 602 3434 the
611 3385 742 3436 American
751 3385 845 3450 foreas)

278 3473 290 3508 ι
305 3463 368 3513 This
377 3479 429 3513 was
439 3462 533 3514 written
543 3461 623 3513 before
632 3463 813 3515 uenatum
822 3464 924 3528 Feyette
933 3469 958 3513 te
966 3462 1014 3512 this
1023 3467 1133 3529 eeuntry,

247 3542 298 3593 and
307 3541 344 3591 his
355 3543 504 3606 subsequam
513 3539 670 3590 deam-En.

279 3629 290 3664 ι
306 3621 438 3680 AEtermmr,
450 3621 501 3680 «le,
511 3617 574 3679 “ion
584 3618 615 3667 he
631 3617 734 3681 derived,
744 3618 824 3684 byhis
839 3616 911 3679 valor,
927 3616 1018 3666 eternel
1034 3631 1134 3668 renovet

247 3696 298 3748 end
307 3697 378 3758 seme,
388 3695 449 3746 from
458 3695 498 3744 the
507 3694 616 3759 English,
623 3695 725 3746 affected
738 3697 782 3762 (by
790 3695 831 3745 tlte
841 3693 995 3755 Amesieensl
1006 3693 1065 3744 with
1076 3709 1134 3760 very

248 3781 318 3841 great
331 3773 468 3824 disssters.”
498 3767 648 3822 Horaeehes
663 3789 679 3821 a
693 3788 798 3837 passage
813 3770 948 3822 somewlret
961 3771 1093 3837 enelognus
1108 3778 1134 3824 te

248 3852 290 3904 tlre
298 3853 388 3903 ebora:
407 3853 422 3882 ‘⁶
429 3852 505 3903 Ducit
521 3851 548 3900 alr
561 3852 668 3913 oppresse
677 3852 784 3900 mettun
796 3849 936 3914 celique
945 3850 1134 3902 mmmmm
