2834 4692
507 521 757 566 ansataononu
780 523 869 567 vm.
1087 505 1129 568 87

248 648 399 731 meritam
413 676 551 743 tantum,
566 663 656 729 haud
673 666 799 748 ingrata
816 666 878 730 fuit
894 665 1128 750 legiovirgini·

248 779 342 856 ensis,
371 799 451 860 quae,
479 787 548 862 post
577 777 646 860 ejus
682 776 923 855 abdicationem,
954 780 1128 860 gratiarum

248 891 387 955 actiones
408 889 454 952 illi
469 892 538 954 una
552 909 630 952 voce
648 888 806 953 decrevit:
830 889 916 973 quod
930 891 1046 953 amoris
1060 891 1129 974 pig·

249 1022 310 1064 nus
324 1000 557 1084 Washingtonii
579 1011 692 1086 pectus
714 1001 831 1084 pietate
852 1002 886 1064 in
902 1001 1131 1066 commilitones

249 1113 397 1198 replevit:
420 1124 556 1198 propter,
571 1113 667 1190 enim,
685 1112 833 1196 pietatem
854 1112 890 1176 in
911 1115 1061 1197 patriam,
1075 1134 1131 1198 pa·
1157 1154 1160 1161 ·

249 1237 361 1304 tentes,
376 1236 408 1290 et
421 1226 550 1302 amieos,
562 1245 617 1309 por
632 1235 731 1289 totam
743 1225 845 1288 vitam
859 1225 942 1290 bene
953 1226 1131 1290 audiebat.¹

293 1339 367 1402 Post
376 1337 551 1415 biennium,
562 1335 744 1400 valetudine
755 1335 877 1401 saniore
887 1357 977 1414 usus,
988 1336 1131 1415 viduam,

251 1450 449 1533 gaudentem
463 1450 592 1514 nomine
605 1450 722 1528 Castis,
736 1470 869 1512 uxorem
882 1449 985 1513 duxit.
1033 1449 1131 1512 Dom-

249 1563 304 1628 ina
333 1563 440 1626 haeoee
463 1561 706 1646 Washingtonio
735 1583 877 1646 aquave
905 1561 977 1640 fuit,
1000 1573 1133 1644 tamque

249 1675 348 1742 animi
369 1675 504 1754 dotibuS,
525 1677 625 1758 quam
648 1677 780 1760 eorporis
801 1678 914 1754 forma,
931 1676 1013 1739 inter
1034 1695 1132 1760 popu-

249 1787 490 1852 lareseminuit.

282 1974 291 2007 1
302 1967 363 2014 Bene
373 1966 483 2028 audiebat,
494 1971 508 1995 “
515 1967 585 2015 heda
595 1967 658 2030 good
667 1967 788 2016 character
794 1971 817 2029 ;”
828 1971 844 1996 “
851 1983 904 2016 was
913 1969 968 2016 well
978 1967 1070 2032 spoken
1079 1967 1108 2015 of
1108 1971 1133 2030 ;‘’

250 2035 351 2106 liantty
360 2040 409 2090 and
418 2049 444 2090 et
452 2041 525 2106 large,
535 2041 566 2090 he
575 2041 650 2092 heard
659 2041 722 2104 well,
734 2043 773 2105 (os
777 2043 885 2107 atenolfi)
897 2045 924 2092 de
933 2060 957 2094 te
967 2044 1040 2109 being
1048 2043 1133 2095 under-

251 2115 320 2170 ntood
329 2115 389 2168 astar
397 2117 438 2168 the
446 2119 503 2168 verb
513 2118 624 2169 motata&
636 2135 639 2142 ⁴
