2840 4684
290 469 332 531 90
544 485 793 532 wasurucrorur
815 487 902 532 vrrr.

334 629 566 694 Princetoniam
586 629 684 715 copiis
698 631 895 694 Americanis
910 629 1163 707 adventantibus,

291 742 375 805 acies
389 739 621 824 Washingtonii
635 742 739 806 media
754 743 793 806 ab
807 743 923 826 Anglis
938 743 1088 808 acerrime
1111 763 1165 826 pe·

291 854 360 930 tita,
382 863 415 916 ct
429 873 497 916 sese
511 855 595 937 fugae
615 853 766 918 mandare
787 853 885 918 illico¹
901 865 1019 918 coacta.
1066 854 1164 917 Hisce

290 966 324 1030 ln
339 966 503 1048 angustiis,
517 966 778 1048 Washingtonius
802 967 843 1030 ad
865 988 940 1030 suos
961 966 1164 1049 adequitavit,

290 1079 433 1162 interque
459 1078 665 1143 Americanos
694 1079 863 1162 fugientes,
893 1079 1060 1160 hostesque
1084 1079 1167 1141 inse·

291 1201 433 1273 quantes,
448 1189 589 1254 medium
605 1211 671 1254 sese
689 1190 810 1254 obtulit.
856 1191 954 1254 Ducis
977 1191 1120 1275 precibus
1135 1200 1167 1252 et

291 1303 436 1387 exemplo
450 1303 580 1367 tandem
591 1302 721 1379 incitati,
737 1313 769 1364 et
783 1302 901 1386 pudore
917 1303 1063 1380 revocati,
1079 1303 1168 1364 resti-

291 1419 421 1493 terunt,²
433 1415 559 1498 telaque
569 1415 602 1476 in
612 1413 716 1476 hostes
729 1413 866 1477 invicem
875 1426 1004 1491 vertere,
1015 1424 1047 1476 et
1057 1415 1168 1497 pugna

291 1547 345 1590 eos
362 1527 514 1590 lacessere
538 1535 697 1608 ooeperunt
721 1524 911 1589 Americani.
956 1526 1000 1590 Et
1022 1526 1168 1609 quamvis

291 1636 561 1720 Washingtonius,
585 1634 770 1718 aliquandiu
792 1636 873 1699 inter
895 1636 977 1700 acies
1004 1636 1084 1699 duas
1113 1636 1168 1699 do-

292 1749 466 1833 proeliantes
477 1748 665 1825 constiterat,
675 1747 880 1812 nihilominus
889 1746 1055 1812 incolumis
1070 1748 1169 1811 intac-

293 1871 409 1942 tusque
424 1860 543 1924 evasit:
567 1880 652 1938 eum,
668 1858 763 1939 enirn,
780 1860 821 1924 ad
845 1859 965 1944 majora
985 1859 1101 1922 servari
1115 1879 1169 1922 vo·

292 1972 353 2035 luit
367 1972 491 2036 coelum.

337 2084 408 2148 Hoc
420 2085 455 2149 in
467 2084 580 2170 proelio,
594 2085 688 2171 copie
699 2085 891 2153 Britannica
901 2083 1069 2148 fortissime
1080 2083 1172 2146 dimi·

294 2197 841 2282 cabant,tantamquepraestiterunt⁸
850 2198 1009 2274 virtutem,
1017 2206 1171 2278 quantam

293 2309 374 2371 viros
385 2310 476 2372 sortes
486 2329 540 2393 pro
550 2310 610 2371 aris
621 2320 654 2371 et
663 2310 741 2372 focis
751 2318 917 2394 certantes,
926 2328 987 2391 prae
997 2327 1065 2370 sese
1077 2308 1170 2368 fcrre⁴

295 2417 469 2482 condecuit.
515 2417 695 2500 Legionum
711 2439 786 2494 una,
802 2438 901 2500 quem
924 2416 1104 2493 Mawhood,
1119 2417 1173 2479 tri·

295 2532 400 2594 bunus
421 2528 589 2612 Anglicus⁸
604 2527 767 2608 ductabat,
783 2529 1044 2593 Americanorum
1066 2528 1173 2592 multl-

297 2643 407 2706 tudinc
431 2642 582 2720 interrita,
610 2641 802 2706 adversarios
831 2642 903 2705 sicis
930 2642 1063 2725 praefixis
1091 2641 1172 2706 adeo

298 2755 410 2818 acriter
424 2754 532 2831 adorti,
547 2765 585 2818 ut
599 2753 832 2836 Washingtonii
848 2753 972 2816 ordines
992 2753 1126 2837 penitus,
1142 2767 1175 2815 et

297 2868 423 2950 ubique,
451 2867 711 2951 perturbarentur,
736 2876 770 2929 et
795 2865 837 2929 ad
864 2865 970 2928 locum
1002 2863 1174 2946 vulgariter

329 3120 339 3154 ¹
355 3113 427 3174 meo,
437 3110 598 3174 “fornwinn
608 3110 778 3162 acontrection
787 3109 846 3160 osio
856 3108 904 3159 end
912 3110 966 3159 loeo.

329 3215 798 3278 suanense,“rssinsd,”01madsa
813 3214 898 3276 stand3
914 3214 955 3263 the
968 3213 1058 3278 perfect
1071 3213 1176 3264 terreos

298 3295 379 3344 resino
384 3310 394 3352 ,·
410 3309 474 3354 now,
483 3295 562 3342 restuto
570 3292 592 3342 is
601 3291 766 3358 compounded
777 3291 805 3341 os
816 3291 857 3341 the
871 3290 1020 3356 insepareble
1035 3290 1176 3356 proposition

299 3385 332 3433 re,
342 3369 421 3436 egeln,
432 3369 480 3419 end
489 3369 573 3432 ciani.
582 3384 603 3420 e.
610 3369 743 3432 arnasano

331 3482 343 3519 r
358 3476 526 3536 Proetum,
538 3478 580 3536 &a
611 3472 690 3523 “And
700 3471 797 3522 showetl
806 3487 834 3522 as
842 3471 916 3522 much
924 3471 990 3522 valor
999 3472 1100 3534 ψὰρ.

331 3590 342 3625 r
360 3581 436 3641 Ferre,
441 3580 505 3642 serre
511 3594 561 3643 pra
570 3594 625 3641 sere,
635 3580 651 3608 “
658 3584 683 3628 to
692 3576 759 3627 show
768 3591 796 3626 or
803 3575 912 3639 exhibit,”
925 3576 1043 3643 (literelly,
1052 3582 1077 3628 to
1086 3576 1143 3626 beer
1151 3589 1179 3624 or

302 3673 371 3722 cerry
379 3656 457 3734 before
466 3655 573 3720 oneseli)

334 3771 345 3806 θ
364 3763 487 3826 Tribanta,
500 3765 549 3826 tc,
559 3759 844 3828 “arilluglirhcolonel'¹
