2824 4670
309 451 371 516 les
567 469 820 516 wrsnrnsrorrrr
844 470 931 516 vrrs.

306 635 431 699 semper
453 615 634 698 permansit.
680 615 724 680 Ut
739 616 873 679 honores
894 615 940 678 illi
955 615 1051 681 sitia
1070 616 1191 682 civibus

306 728 403 810 gratis
418 727 617 805 haberentur,
627 747 797 811 nunquam
812 729 921 811 exegit
935 751 942 806 ;
970 740 1089 794 etcum
1103 731 1190 795 nltrb

305 840 496 918 offerrentur,
513 843 644 906 summa
665 859 739 904 cum
760 841 961 920 humanitate
987 842 1190 926 accipiendae

306 951 473 1035 judicavit.
519 953 753 1036 Washingtonii
770 975 858 1019 amor
872 955 905 1018 in
921 954 1058 1037 patriam
1078 954 1191 1018 arden·

304 1065 455 1143 tissimus,
471 1067 637 1150 cmnisquc
658 1065 865 1151 improbitatis
886 1087 997 1152 expers
1018 1069 1091 1132 fuit.
1131 1069 1190 1133 ,Ab

303 1176 380 1254 istis,
396 1178 450 1260 qui
459 1180 574 1262 patriae
590 1185 868 1265 amorem'sempcr
882 1181 916 1246 in
931 1201 992 1258 cre,
1009 1201 1113 1258 suam,
1131 1201 1190 1245 au·

302 1299 379 1368 tem,
409 1292 667 1374 magnitudinem
702 1293 735 1355 in
767 1293 858 1359 corde
889 1305 1015 1376 gerunt,
1045 1295 1188 1362 maltam

301 1402 568 1486 Washingtonins
584 1404 789 1489 discrepabat.

345 1517 475 1598 Magnae
491 1528 580 1581 erant
595 1517 807 1595 difficultates,
820 1519 1009 1600 quibuscum
1025 1520 1071 1582 illi
1085 1520 1188 1584 relua-

301 1629 439 1693 tandum
460 1629 523 1690 fuit
535 1651 544 1706 ;
572 1649 694 1712 magna
720 1641 752 1692 et
779 1631 913 1694 terrifica
939 1632 1088 1715 pericula,
1116 1651 1187 1714 quta

301 1741 388 1810 adire
404 1737 436 1803 e‘t
450 1742 573 1806 volvere
590 1745 784 1826 cogebatur;
798 1755 835 1807 at
845 1744 1048 1808 difficultates
1060 1755 1093 1806 et
1107 1745 1189 1828 peri·

300 1855 374 1922 cula
388 1855 504 1935 omnia,
515 1856 672 1940 patientia
683 1857 826 1940 quadam
840 1858 940 1922 animi
951 1857 1082 1934 invicte,
1094 1877 1191 1942 supe·

299 1968 390 2032 ravit.
425 1962 628 2041 'Libertatem
643 1981 676 2033 et
690 1971 789 2054 leges,
805 1971 943 2054 generis¹
958 1969 1092 2034 humani
1104 1969 1188 2053 jura,

300 2079 419 2144 civium
441 2083 584 2146 felicitati
599 2085 777 2147 necessaria
792 2084 895 2148 duxit.
943 2083 1098 2150 Homines
1121 2102 1189 2147 om-

299 2213 357 2256 nes
367 2199 483 2259 natura
494 2196 630 2278 oequales
641 2218 708 2264 esse
718 2218 842 2281 semper
852 2196 993 2280 putavit;
1009 2204 1042 2257 at
1054 2194 1188 2258 civinm¹

298 2304 485 2383 libertatem,
499 2307 624 2388 legibus
639 2308 787 2390 parendo,
796 2309 918 2390 optime
933 2307 1051 2369 servari
1066 2306 1188 2370 incolu-

299 2437 387 2481 mem
402 2439 502 2501 posse,
517 2420 602 2480 recte
619 2399 849 2488 arbitrabatur..

343 2529 603 2612 Rempublicam⁸
624 2530 707 2594 bene
726 2527 903 2608 ordinatam
926 2537 959 2589 et
981 2527 1187 2610 compositam

298 2637 531 2706 bdemooratib
555 2641 755 2704 tumultuosa
777 2640 949 2724 plurimum
964 2639 1081 2702 distare
1104 2639 1187 2702 exie·

298 2752 431 2816 timavit.
479 2753 591 2836 Populi
613 2753 804 2818 sententiam
830 2763 862 2814 et
883 2751 1041 2835 judicium
1064 2771 1187 2835 semper

298 2865 431 2948 spectari
453 2877 486 2928 et
511 2866 621 2950 respici
646 2878 786 2950 oportere
809 2865 931 2943 sensit;
956 2875 1109 2941 attamen,
1125 2864 1187 2928 ira-

298 2998 369 3040 rum
385 2989 480 3042 aestus
494 2979 652 3042 subitanei
668 3000 742 3042 eum
755 2981 777 3043 a
792 2978 954 3062 proposito,
969 2988 1027 3040 aut
1042 2977 1186 3040 instituto

300 3103 1185 3130 ......-....-.,.-...........-.--..-.

299 3171 334 3232 to)
353 3168 396 3217 her
410 3175 581 3230 countenance,
591 3171 625 3233 by
634 3169 674 3218 the
688 3171 770 3233 begun
787 3167 908 3216 discourse
923 3165 962 3228 (of
973 3165 1078 3229 AEneas)
1088 3165 1148 3214 than
1163 3163 1186 3214 if

299 3245 342 3294 she
352 3245 419 3294 stood
430 3245 552 3294 asahard
561 3245 620 3307 llint,
631 3261 694 3295 cras
705 3241 944 3309 aMarpesianrock.
1062 3267 1065 3272 Δ

304 3354 306 3358 -
330 3331 339 3364 1
358 3325 463 3384 Generis,
476 3325 526 3385 lfa,
536 3323 597 3372 “the
609 3322 684 3388 rights
691 3319 722 3372 'of
734 3321 873 3370 mannaan

330 3407 342 3446 π
351 3401 458 3476 ¹(lirn'nrn,
472 3404 521 3462 lta,
532 3403 547 3430 “
556 3402 599 3450 but
608 3401 639 3450 he
648 3399 735 3464 rightly
741 3397 840 3464 judged,
848 3396 901 3445 that
909 3396 949 3446 tha
958 3395 1043 3460 liberty
1052 3395 1080 3445 cl
1085 3395 1126 3444 the
1136 3394 1185 3444 citi·
1263 3407 1266 3414 ’

298 3491 357 3528 aens
375 3477 438 3538 (etuti
454 3479 545 3542 liberty)
557 3477 628 3528 could
643 3479 696 3526 best
711 3477 742 3524 be
758 3473 884 3540 preserved
901 3472 959 3534 safe,
976 3475 1010 3538 by
1023 3473 1127 3538 obeying
1145 3472 1186 3522 the

300 3552 383 3604 [weyt
713 3559 715 3564 ¹
1142 3575 1143 3580 ,

330 3639 341 3674 ³
356 3633 535 3695 Rempubltccm,
548 3637 598 3694 dc,
609 3631 660 3680 “he
668 3629 770 3693 thought
784 3629 837 3678 that
845 3645 861 3678 a
872 3626 987 3693 republic,
997 3627 1052 3676 well
1067 3623 1183 3688 ananged

299 3709 349 3758 and
359 3716 403 3772 put
411 3711 525 3774 together,
535 3707 632 3762 diffomd
641 3722 697 3772 very
707 3705 780 3762 much
788 3704 875 3756 frome
886 3703 1025 3770 disorderly,
1035 3703 1184 3756 tumdtums

299 3784 463 3852 demonacy.”
637 3809 639 3816 ·
786 3824 788 3832 ,
934 3799 948 3838 ⁴,
