2824 4670
487 475 737 543 wirnnrororwr
761 477 849 524 vrri.
1051 460 1113 524 tae

227 631 293 700 tas,
311 621 354 690 ed
375 619 575 694 concordiam
598 631 633 685 et
652 622 827 704 amicitiam
852 640 999 686 revocare
1022 619 1114 686 haud

228 735 312 802 certe
327 734 420 798 facile
435 733 517 798 tuit:
542 733 638 816 quod,
654 735 713 798 etsi
727 733 949 800 difficillimum
961 739 1050 822 erat,
1065 745 1114 800 ta·

227 868 312 925 men,
338 849 360 914 a
384 847 627 930 Washingtonio
651 849 810 919 effectum.
858 849 927 912 lrte¹
953 849 1115 932 animique

227 959 332 1044 coplas
354 960 435 1024 inter
450 960 606 1024 australes
621 971 653 1023 et
668 959 927 1045 septentrionales
942 943 1114 1026 intercede-

226 1072 316 1148 bant,
327 1082 359 1134 et
368 1071 442 1135 odia
454 1073 599 1136 maxima
613 1073 863 1150 eiviteteaunde
879 1074 1009 1157 prefecti
1022 1076 1113 1140 fuere

227 1184 279 1246 isti
308 1185 436 1263 milites,
460 1185 624 1268 exagitare
652 1185 837 1269 aliquandiu
864 1206 929 1248 non
954 1185 1112 1251 destitere.

227 1297 323 1360 Tales
347 1298 455 1380 igitur,
477 1299 603 1377 milites,
618 1309 652 1361 et
679 1298 823 1364 civitates
845 1317 997 1375 coercere,
1013 1310 1045 1362 et
1070 1299 1112 1364 ad

225 1410 393 1494 imperinm
413 1411 548 1494 justum,
563 1423 596 1474 et
618 1411 819 1497 disciplinam
841 1411 1011 1477 militarem
1032 1411 1113 1476 redi·

223 1532 310 1606 gere,
326 1523 555 1602 difficillimum,
571 1525 786 1610 proculdubio,
802 1525 872 1588 fuit.
979 1570 984 1574 -

269 1635 390 1714 Tanta,
404 1637 543 1722 insuper,
559 1638 620 1701 fuit
633 1637 869 1722 Weshingtonii
890 1637 1054 1714 modestia,
1075 1647 1120 1706 ut
1143 1683 1146 1690 ·

224 1749 264 1810 eb
280 1751 429 1813 exercitu
453 1734 640 1834 cunctisque
660 1749 782 1814 civibus
797 1751 963 1823 carisimue
984 1749 1115 1817 habitus

224 1862 275 1926 sit.
321 1863 487 1941 Animum,
500 1881 643 1946 quoque,
659 1884 787 1946 equum
810 1865 844 1926 in
866 1866 973 1932 rebus⁹
994 1863 1113 1941 arduis,

224 1991 288 2036 non
311 1976 462 2037 securae
485 1975 520 2036 in
538 1975 638 2051 bonis,
662 1995 786 2038 servare
813 1984 943 2057 poteret.
969 1974 1114 2039 ,Αηίιιιί3

224 2085 482 2166 magnitudinem
502 2087 634 2148 notabat
659 2085 880 2168 aequammites
902 2085 968 2162 illa,
985 2088 1114 2148 fortem-

225 2215 287 2278 que
309 2207 341 2260 et
363 2211 521 2280 magnum
537 2218 615 2260 eum
636 2219 714 2275 esse,
729 2198 763 2260 in
782 2198 875 2274 rebus
897 2196 1114 2278 omnibusad

224 2329 304 2392 quas
327 2309 490 2374 obeundas
511 2309 613 2394 patria
629 2311 773 2388 vocabat,
790 2291 966 2374 clarissime
982 2309 1115 2372 damon

224 2423 343 2486 stravit.
390 2423 457 2486 Seu
482 2422 601 2500 vicerit,
625 2443 683 2486 seu
707 2422 810 2486 vietus
834 2421 941 2498 fuerit,
969 2422 1114 2486 animum

225 2536 365 2600 eundem
380 2557 503 2620 semper
519 2537 658 2618 gerebat.

248 2650 424 2727 ·Honores,
439 2669 517 2732 qnos
533 2651 555 2713 a
569 2649 692 2712 civibus
707 2647 806 2730 gratis
821 2647 954 2730 accepit,
967 2646 1114 2712 homines

225 2761 303 2826 alios
325 2763 425 2826 ebrios
447 2756 675 2839 reddidissent,
705 2772 740 2823 at
761 2759 1034 2842 Washingtonius,
1056 2779 1114 2824 seu

224 2874 418 2952 laudaretur,
442 2896 500 2940 seu
528 2875 721 2958 culparetur,
744 2882 781 2955 ut
806 2873 927 2936 cautes⁴
955 2873 1114 2956 Marpesia

257 3069 337 3128 11rc,
355 3070 406 3129 de,
419 3069 434 3095 ‘⁴
442 3072 595 3128 resentment,
613 3065 661 3117 end
679 3064 824 3115 animosities
841 3065 931 3114 existed
947 3066 1056 3113 between
1073 3063 1114 3113 tho

226 3142 363 3204 southem,”
374 3143 418 3192 &a

257 3242 268 3277 2
283 3235 369 3297 Rebus,
381 3238 432 3296 dc,
443 3235 488 3284 “in
498 3233 599 3284 diffionlt
613 3233 807 3298 cirmunstances,
817 3241 859 3286 not
873 3232 1000 3286 otherwise
1014 3232 1073 3282 then
1088 3231 1113 3284 in

226 3326 369 3376 prosperous
378 3315 467 3374 ones;'’
480 3312 531 3377 just
540 3311 604 3362 asin
613 3311 752 3378 prosperity.

257 3404 371 3464 summ,
389 3407 440 3466 tte,
450 3403 525 3453 “thot
540 3404 688 3470 equanimlty
696 3401 799 3454 denoted
814 3409 939 3468 &aetnam
955 3401 983 3452 of
994 3400 1054 3462 seul,
1065 3399 1114 3449 end

226 3487 290 3530 most
299 3481 386 3545 clearly
395 3480 493 3530 shewed
502 3481 555 3530 him
561 3485 586 3532 to
595 3483 626 3530 be
635 3483 708 3532 breve
718 3479 767 3532 end
776 3485 844 3546 great
852 3479 878 3530 in
887 3479 919 3528 all
928 3477 1017 3542 things,
1027 3484 1052 3526 to
1061 3491 1114 3540 pen

226 3557 288 3606 sorm
296 3556 381 3619 which,
392 3557 429 3608 bis
439 3563 541 3622 country
550 3558 627 3608 called
636 3558 709 3609 him.”

257 3657 268 3692 t
288 3649 378 3709 Cautes,
395 3651 445 3709 aa,
461 3651 499 3695 “a
515 3649 656 3713 Marpesien
673 3650 762 3712 rook;”
779 3647 834 3698 thus
848 3645 933 3710 Virgil,
951 3645 1071 3709 speaking
1086 3644 1115 3694 os

227 3727 317 3778 Quaen
326 3723 396 3786 Dido,
406 3727 469 3774 t‘nec
484 3727 559 3787 nege
567 3728 658 3789 ttrccpto
665 3729 754 3778 eutem
763 3737 865 3775 semme
879 3728 987 3783 mear,
999 3723 1078 3780 Qudm
1092 3724 1114 3772 εἰ

227 3807 286 3854 duro
301 3804 364 3865 silea,
376 3807 415 3852 eut
424 3807 468 3851 etet
477 3803 595 3866 nepeta
610 3806 709 3852 camut’
740 3802 795 3852 Nor
808 3800 884 3850 isshe
895 3813 959 3850 more
975 3798 1061 3850 mered
1073 3799 1112 3862 (aa

666 3887 708 3934 1³2
