2840 4684
507 537 756 584 wasnrneroau
780 537 868 583 vrrs.
1068 521 1128 584 15⁷

250 684 489 759 Britannum‚a
510 703 562 745 me
585 683 698 746 missus
720 685 836 759 fuerat,
851 681 954 746 fredus
977 681 1030 744 illo
1053 703 1129 748 cum

250 815 323 880 rege
347 796 508 880 percussit,
523 795 635 859 sedulo
651 815 779 883 mecum
794 797 858 880 ipse
875 807 981 858 mente
996 797 1128 878 agitari.

251 908 369 974 Multa¹
395 907 474 970 mihi
500 907 555 972 din
581 908 729 986 volventi,
758 909 824 972 hec
849 907 947 991 potior
974 909 1131 974 sententia

251 1021 330 1082 visa.
375 1021 509 1083 Foedera
530 1020 671 1097 feriendi,
687 1021 797 1102 quavis
819 1033 1013 1104 cumgente,
1029 1019 1132 1109 facul-

251 1135 365 1194 tatem²
379 1133 499 1216 praesidi
513 1133 636 1214 legibus
650 1133 839 1195 mandatam
852 1155 928 1196 esse.
975 1136 1131 1198 Senatum
1145 1207 1148 1213 ¹

251 1251 327 1308 vero
343 1245 574 1309 Americanum
596 1245 714 1308 foedera
736 1246 867 1322 sancire,
884 1246 1044 1309 autirrita
1067 1247 1132 1310 effi-

250 1377 321 1419 cere
342 1377 439 1440 posse.
487 1357 568 1434 Illos,
591 1368 710 1434 autem,
726 1358 780 1439 qui
796 1355 972 1420 decretum⁸
987 1357 1072 1429 istud
1090 1357 1133 1421 ad

251 1488 302 1532 me
328 1469 452 1546 misere,
473 1469 597 1534 nullam
621 1470 749 1532 omnino
774 1480 963 1553 potestatem
987 1469 1051 1532 tale
1076 1469 1133 1532 ali-

251 1578 328 1663 quid
354 1581 515 1664 praesidem
541 1581 689 1665 poscendi
714 1581 839 1644 habere.
887 1581 1054 1657 Quocirca,
1079 1579 1135 1642 de·

251 1704 337 1756 creta
348 1693 476 1759 illorum
490 1694 628 1776 obsequi,
641 1705 699 1762 aut
713 1715 832 1756 morsm
848 1709 965 1777 gerere,
979 1693 1133 1775 nequeo.”

294 1805 365 1868 Etsi
388 1806 573 1868 chartarum
602 1805 767 1887 flagitatio,
798 1809 909 1888 parum
937 1805 1134 1889 procedebat,

251 1915 381 1992 consilii,
413 1927 533 1992 tamen,
563 1916 654 1977 istius
681 1917 819 1977 fautores
848 1917 999 1998 pecunias
1025 1915 1135 1978 faederi

184 2093 186 2102 ¹
252 2026 320 2088 vim
353 2023 507 2090 addendo
533 2025 728 2088 necessarias
758 2028 886 2089 strenue
923 2026 1133 2107 denegabant.

253 2137 432 2214 Sancitum,
446 2136 587 2214 tandem,
601 2135 714 2213 fredus
728 2135 909 2218 civibusque
925 2157 979 2220 per
994 2137 1136 2200 edictum

252 2250 453 2326 nunciatum,
465 2259 503 2311 ut
517 2247 626 2311 freden
640 2248 805 2312 audientes
820 2260 933 2312 creent.
979 2249 1136 2312 Pecuniae

251 2364 318 2426 vim
340 2361 449 2426 foederi
472 2360 615 2424 addendo
637 2361 832 2424 necessarias
854 2360 1025 2443 denegare,
1040 2360 1136 2424 fidem

251 2476 412 2562 publicam
437 2475 613 2538 necessarie
638 2474 859 2538 imminuisset.
908 2475 994 2538 Cum
1015 2474 1136 2558 discep-
1163 2539 1165 2546 ,

251 2588 329 2651 tatio
351 2588 448 2670 longa
470 2590 558 2650 sacta
576 2597 669 2664 esset,
685 2586 836 2670 pecunias
850 2586 959 2650 soederi
981 2585 1136 2649 servando

251 2699 442 2762 necessarias
456 2699 602 2781 praebere,
618 2699 780 2780 egerrime
796 2700 818 2762 a
834 2697 1014 2780 Congressu
1029 2696 1136 2760 decre-

253 2822 335 2876 tum.

299 2921 452 2998 Quamvis
462 2921 522 2984 hac
533 2922 565 2984 in
576 2941 620 2997 re,
631 2921 896 3003 Washingtonius
908 2921 954 2984 nil
967 2942 1021 3005 per
1033 2942 1066 2982 se
1082 2920 1137 3002 agi

254 3033 375 3110 voluit;
399 3036 530 3108 tamen,⁴
547 3053 587 3094 ex
609 3032 678 3115 ejus
701 3033 830 3096 consilio
849 3033 952 3096 fredus
976 3031 1137 3096 sancitum

254 3143 350 3225 plane
373 3143 480 3224 liquet.
527 3143 670 3220 Pendere,
694 3145 789 3236 enirn,
812 3145 881 3222 isto,
905 3147 927 3208 a
948 3142 1077 3226 praeside
1104 3152 1138 3210 et

256 3325 260 3330 ¹
285 3316 293 3348 1
311 3309 395 3369 Mrdta,
413 3294 463 3369 dfe,
480 3309 548 3358 “this
563 3309 690 3363 resolution
705 3310 799 3358 ssemed
814 3311 890 3358 better
906 3317 931 3358 to
950 3325 996 3370 me,
1016 3306 1138 3371 revolving

254 3399 329 3448 many
339 3384 419 3448 things
429 3384 464 3433 for
473 3399 488 3432 a
498 3384 555 3450 long
564 3385 644 3435 time.”

285 3469 297 3505 t
312 3463 458 3522 Facutatan,
471 3462 520 3523 ἅμα,
530 3463 651 3512 “thatths
667 3479 747 3528 power
756 3463 785 3513 os
795 3463 896 3528 making
910 3462 1005 3512 trecies
1014 3461 1072 3510 with
1087 3475 1138 3525 any

255 3538 344 3599 natiou,
354 3555 407 3587 was
417 3538 553 3587 committed
562 3541 644 3604 hythe
653 3540 714 3590 laus
724 3547 749 3590 to
758 3541 798 3590 the
808 3540 950 3605 presidens*

285 3625 296 3659 a
313 3617 442 3676 Decretum,
453 3615 525 3664 “that
533 3621 639 3667 vote”'or
648 3619 738 3668 resolve
750 3617 789 3679 (of
799 3618 839 3666 the
849 3617 936 3666 House
945 3615 973 3664 os
978 3615 1137 3678 Representa·

255 3696 409 3829 uidam,
426 3771 475 3830 aa,
486 3771 553 3833 aya,
564 3769 582 3819 n
596 3785 648 3819 was
665 3771 755 3835 prunry
767 3770 861 3819 esaan
875 3769 926 3817 un
942 3769 980 3818 aa
993 3775 1069 3834 easy
1083 3783 1140 3818 was

255 3846 347 3900 ratified
356 3846 382 3896 in
392 3861 556 3911 consequence
570 3847 598 3898 os
608 3845 645 3896 his
657 3845 864 3912 (Weshington's)
876 3846 981 3897 advice.”

688 3929 711 3974 N
