2840 4684
488 510 742 556 ussuruerourr
768 511 857 558 vrrs.
1057 491 1116 554 127

225 645 341 720 debet:
367 654 485 740 quippe
499 656 566 738 qui,
581 656 648 719 sine
664 655 758 720 claris
772 655 846 718 ullis
861 653 1034 732 natalibus,
1049 655 1118 720 ani·

226 769 273 832 rni
284 766 714 851 tantummodoviqutdam
722 767 945 832 claritudinem
956 787 1119 832 summam

227 892 277 944 est
291 890 466 946 assecutus.

272 993 875 1082 Hoceeinbello,oetogintahominum
885 993 1118 1059 milliaAmerr-

227 1100 309 1181 cani,
326 1105 472 1168 Britanni
487 1113 563 1170 vero
581 1106 786 1190 quadrigama
804 1106 915 1183 millia,
930 1107 1117 1172 amiserunt.

227 1215 329 1295 Talis,
345 1225 445 1302 porro,
461 1217 536 1280 belli
551 1218 647 1302 hujus
663 1219 772 1282 exitus
783 1219 854 1296 fuit,
871 1201 955 1302 quod
971 1219 1120 1284 Columbi

227 1339 345 1392 terram
361 1330 443 1393 inter
457 1330 538 1394 orbis
553 1324 709 1394 terrerum
724 1332 871 1396 nationes
886 1315 1000 1416 posuit.

271 1431 370 1506 Bello*
379 1443 449 1527 jam
472 1445 627 1523 confecto,
649 1446 826 1509 exercitum
849 1443 1008 1508 dimittere
1033 1445 1119 1508 Con·

226 1575 373 1638 gressum
404 1558 574 1641 oportebat.
623 1558 788 1637 Civitates,
817 1568 939 1636 autem,
967 1557 1120 1620 militibus

225 1667 367 1747 sortibus,
382 1670 437 1754 qui
459 1669 576 1734 martia
589 1671 629 1733 ob
643 1671 779 1755 patriam
794 1671 969 1756 pugnando
984 1663 1120 1733 vulbera

225 1782 320 1864 passi,
335 1781 506 1866 stipendia¹
522 1794 592 1845 tam
612 1784 727 1848 merito
743 1783 850 1846 debita
865 1784 1042 1868 persolvere
1063 1803 1121 1846 ne-

225 1869 382 1976 quibant:
407 1896 525 1978 quique
547 1894 704 1972 animam,
722 1895 762 1957 ob
786 1896 894 1978 patriae
918 1917 1069 1973 amorem,
1095 1896 1122 1958 si

224 2025 307 2090 opus
328 2005 434 2084 fuerit,
450 2005 611 2069 effundere
626 2005 715 2069 haud
730 2007 896 2084 timebant,
910 2007 978 2070 sine
992 2007 1122 2092 premio

225 2128 285 2180 aut
299 2117 447 2182 mercede
463 2117 544 2195 ulla,
556 2117 688 2180 domum
699 2118 769 2201 jam
784 2129 873 2182 erent
885 2117 1076 2182 dimittendi.

270 2230 395 2309 Literae‚
405 2231 541 2296 auctoris
551 2231 680 2296 nomine
692 2231 805 2309 celato,
817 2252 871 2316 per
882 2216 990 2295 cestra
998 2230 1122 2295 Ameri-

225 2363 318 2421 cane,
335 2342 512 2416 tumultus!
529 2348 632 2408 causa
654 2343 829 2428 excitandi,
851 2345 965 2408 sedulo
988 2345 1122 2410 circum·

226 2456 417 2520 terebantur.
463 2455 742 2542 Washingtonius,
765 2457 819 2540 qui
846 2468 925 2521 tunc
953 2437 1123 2523 incastris

224 2582 304 2649 erat,
315 2570 491 2656 periculum
504 2569 696 2657 providebat,
711 2592 750 2634 ee
760 2571 874 2654 nequis
886 2571 984 2636 literis
997 2592 1039 2634 ex
1053 2572 1122 2636 istis

226 2684 386 2748 tumultus
396 2694 453 2748 aut
464 2681 576 2748 seditio
586 2684 728 2761 oriretur,
740 2683 853 2748 sedule
865 2686 1007 2749 cavebat.
1037 2685 1122 2750 Con-

225 2797 322 2875 silio,⁸
343 2797 460 2880 itaque,
486 2798 704 2880 prefectorum
726 2808 908 2874 convocato,
928 2797 1029 2876 mala,
1051 2819 1123 2882 quoe

259 2985 269 3020 1
287 2979 413 3040 Stipendia,
433 2975 494 3026 from
513 2977 554 3026 the
570 2993 637 3027 noun
654 2980 720 3041 stipo,
736 2977 765 3040 ie,
781 2979 958 3044 emphatieally,
975 2979 1016 3028 the
1032 2994 1082 3044 pay
1096 2994 1124 3029 οι·

228 3069 313 3119 weges
323 3053 395 3118 given
404 3060 430 3103 tc
439 3054 500 3103 such
509 3069 538 3103 as
548 3070 617 3104 serve
625 3054 651 3104 in
660 3071 725 3104 war:
736 3055 820 3118 benee,
830 3056 872 3106 the
882 3055 1027 3121 expression,
1037 3071 1123 3106 merere

227 3145 256 3182 or
266 3133 349 3180 mereri
358 3131 505 3194 stipendium,
516 3133 562 3181 “te
571 3146 639 3180 serve
649 3131 675 3182 in
684 3135 758 3182 παιδ’

259 3215 272 3252 a
289 3209 420 3270 Tumultus,
432 3211 482 3270 dc,
493 3207 548 3258 “for
557 3209 598 3258 the
607 3225 711 3274 purpose
721 3205 859 3276 ofexciting
868 3228 884 3261 a
893 3210 1010 3275 mutiny.”
1039 3209 1123 3260 These

228 3299 381 3350 anonymoue
390 3285 479 3346 letters,
484 3285 555 3335 rvbile
561 3285 619 3351 they
626 3285 762 3338 discovered
771 3287 908 3338 theutmost
917 3286 1040 3352 turpitude
1047 3287 1072 3336 in
1082 3287 1123 3337 the

228 3361 336 3423 authors,
346 3360 485 3411 redeunded
501 3361 640 3428 admirably‚
651 3370 676 3413 tc
685 3364 727 3413 the
736 3364 842 3426 address,
852 3365 970 3431 vigilance
986 3363 1035 3416 and
1050 3363 1122 3429 patri·

228 3439 301 3490 otiam
311 3437 517 3504 osWashington
523 3441 578 3490 vvho
587 3441 707 3505 appeared
717 3441 784 3491 tboee
792 3443 943 3492 tumultuose
953 3439 1054 3507 feelings
1064 3441 1123 3492 botb

229 3515 255 3566 ln
264 3515 359 3566 officere
369 3513 418 3564 and
427 3515 539 3580 privates,
549 3517 606 3582 they
615 3533 679 3581 were
689 3533 717 3568 so
727 3519 781 3568 well
792 3518 925 3568 calemated
934 3526 959 3568 tc
969 3518 1052 3567 excite.

260 3600 272 3636 ⁸
290 3593 397 3653 Consilio,
410 3595 460 3654 de,
471 3595 508 3642 “a
522 3594 626 3660 meetiug
642 3594 670 3644 of
681 3595 722 3645 the
731 3595 824 3645 officere
841 3596 921 3659 being,
932 3594 1054 3656 therefore,
1064 3609 1121 3644 cou-

229 3670 331 3720 votem
362 3667 536 3734 Wuhington,
546 3671 595 3721 like
605 3687 620 3722 a
629 3672 679 3721 real
694 3671 788 3737 patriot,
797 3671 892 3721 instead
901 3670 930 3721 os
940 3669 1045 3736 avalling
1060 3671 1121 3722 birn-

229 3747 313 3798 selios
323 3747 363 3798 the
372 3747 492 3798 favorable
501 3749 613 3798 occasion
622 3749 679 3798 bere
688 3748 823 3813 presented,
833 3747 861 3799 ot*
871 3747 998 3814 beooming
1007 3747 1119 3816 despotia,

229 3840 284 3876 vu
293 3825 351 3892 only
360 3823 481 3876 solieitous
490 3831 516 3876 tc
525 3823 590 3892 quell
599 3825 640 3876 the
650 3825 792 3876 exdremont
800 3825 830 3875 cl
840 3825 882 3876 the
891 3831 979 3894 troops.
