2840 4684
292 455 334 516 82
550 471 800 516 wrsurucrorrrr
824 471 911 516 vm.

293 616 377 680 Cum
399 637 452 701 per
473 615 617 679 civitates
638 627 747 679 autem
762 616 822 678 iter
839 619 988 693 facerent,
1004 614 1083 678 nulli
1104 619 1170 679 sere

292 727 333 790 ed
355 748 407 790 eos
430 749 497 791 sese
521 728 725 814 recipiebant,
740 727 860 805 multis,
886 728 1021 805 interim,
1039 728 1081 792 ad
1102 729 1170 792 Bri-

291 848 407 902 tannos
422 840 687 923 confugientibus.

334 949 474 1016 Parvum
500 973 627 1036 egnren,
648 951 732 1035 quod
757 951 898 1015 recedere
923 951 1091 1036 inceperat,
1116 952 1172 1026 sti-

290 1063 406 1148 pendia
413 1067 479 1129 fere
490 1065 666 1142 emeritum,
673 1065 707 1126 in
719 1063 786 1126 dies
796 1063 1052 1127 imminuebatur.
1064 1063 1171 1128 ¹Tem-

291 1176 380 1259 poris,
398 1177 483 1261 apud
497 1179 672 1240 exercitum
687 1176 849 1254 manendi,
860 1177 930 1261 jam
944 1177 1050 1240 exitus
1071 1177 1173 1240 insta·

290 1288 344 1351 bet
357 1310 365 1365 ;
381 1293 492 1371 utque¹
505 1289 626 1352 diutius
639 1287 794 1372 stipendia
807 1285 918 1374 mereri
930 1300 1073 1374 pergant,
1085 1288 1172 1353 haud

291 1399 365 1462 ullis
384 1401 526 1484 precibus
546 1410 605 1470 aut,
623 1399 718 1462 minis
739 1399 846 1464 induci
865 1401 1005 1484 quivere.
1050 1401 1172 1486 Appro·

290 1512 463 1594 pinquante
477 1513 578 1587 hoste,
593 1512 812 1594 imperatorem
834 1512 1009 1576 deseruere.
1056 1512 1174 1578 Militia

291 1623 591 1706 Pennsylvaniensis
606 1622 648 1685 ad
662 1623 800 1706 primum
816 1644 914 1706 usque
927 1622 1012 1686 diem
1026 1624 1046 1688 J
1048 1624 1172 1686 anuarii

291 1735 409 1798 mensis
424 1735 509 1823 apud
518 1735 693 1798 exercitum
704 1755 832 1797 manere
842 1734 986 1812 debebat,
997 1746 1030 1798 at
1042 1735 1173 1799 domum

291 1847 467 1912 revertendi
487 1846 600 1932 cupido
621 1858 712 1910 tanta
726 1847 865 1925 incessit,
879 1858 926 1926 ut,
942 1869 1051 1911 eorum
1069 1847 1172 1931 prohi-

291 1959 463 2024 bendorum
479 1959 786 2043 coercendorumque
802 1951 912 2037 cause,
923 1959 1066 2044 presidia
1081 1961 1172 2023 firma
1252 1987 1256 1994 ·

292 2071 334 2135 ad
349 2093 458 2136 omnes
472 2073 538 2137 fere
553 2073 705 2157 trajectus
721 2071 869 2158 disposita
884 2073 1010 2136 suerint.

336 2184 492 2268 Legiones
507 2184 578 2248 duae
590 2185 809 2268 Ticonderoga
820 2206 888 2248 sese
897 2187 1043 2271 recipere,
1054 2197 1086 2248 et
1098 2205 1172 2251 cum

291 2295 536 2378 Washingtonio
559 2317 677 2379 agmen
692 2297 884 2380 conjungere
896 2297 963 2380 jam
980 2297 1102 2362 dudum
1121 2297 1172 2381 ju·

291 2408 465 2472 bebantur:
493 2407 672 2484 at,ineunte
694 2427 805 2469 mense
826 2407 1002 2484 Decembri,
1018 2407 1173 2491 stipendia

292 2498 404 2582 mereri
427 2518 596 2582 desierant.
643 2518 780 2581 Nomina
794 2519 892 2600 igitur
908 2518 992 2603 apud
1007 2519 1173 2604 imperato-

293 2651 359 2693 rem
371 2629 477 2694 denuo
489 2630 622 2715 profiteri
635 2631 827 2708 abnuebant,
840 2629 1004 2713 omnisque
1017 2628 1058 2693 ad
1070 2651 1172 2696 unum

294 2742 424 2806 domum
440 2743 554 2807 abiere.
601 2743 677 2806 Dux
691 2743 765 2820 Lee,
781 2743 835 2826 qui
851 2743 948 2826 copiis
962 2744 1025 2806 eois
1039 2745 1172 2829 prefuit,

293 2855 414 2918 fiumen
430 2839 670 2940 septentrionale
685 2855 838 2940 trajicere,
855 2875 948 2938 seque
964 2875 1039 2918 cum
1055 2857 1172 2919 exerci-

293 2978 330 3029 tu
352 2967 517 3031 recedente
539 2989 716 3053 aggregare
732 2970 754 3033 a
770 2965 1012 3050 Washingtonio
1032 2986 1172 3052 saepenu-

293 3087 382 3144 mero
394 3081 563 3165 jubebatur
575 3103 583 3158 ;
609 3092 642 3144 at
653 3082 749 3166 jussis
763 3080 852 3145 haud
864 3063 1089 3166 obtemperavit
1104 3081 1172 3146 dux

293 3193 361 3256 iste.
409 3193 495 3258 Cum
506 3193 613 3278 procul
624 3205 655 3256 et
668 3185 692 3259 a
704 3194 779 3272 suis,
792 3204 824 3256 et
835 3193 874 3255 ab
887 3193 1027 3256 hostibus
1040 3195 1171 3271 abesset,

294 3308 316 3369 b
331 3305 488 3370 Britannis
504 3305 738 3369 circumventus
753 3317 926 3390 captusque
940 3307 1010 3370 suit.

338 3417 403 3482 Res
426 3418 531 3482 hoeoce
546 3419 737 3503 suspiciones
752 3418 872 3502 genuit,
888 3418 990 3496 illurn,
1005 3419 1172 3504 desperata

281 3530 556 3596 ‚imericanorum
580 3535 690 3608 causa,
717 3530 760 3594 ad
788 3531 954 3594 Britannos
983 3534 1168 3616 perfugisse.

347 3740 357 3777 ⁸
375 3731 456 3798 thue,
469 3738 518 3799 ib,
528 3734 598 3787 “end
607 3735 723 3815 thattbey
732 3734 812 3822 would
822 3750 891 3802 goon
901 3743 927 3788 to
937 3735 1037 3788 eerveiu
1047 3738 1121 3785 wer?
