2840 4684
315 451 374 514 146
569 467 819 513 wasurucrourr
843 467 931 513 vrrr.

310 611 470 675 inserendo
485 612 646 689 deterrere,
662 612 831 695 simulque,
847 612 941 675 armis
963 610 1121 697 depositis,
1136 633 1192 700 pro

310 723 405 787 libero
419 745 480 788 usu
495 725 632 787 fluminis
653 725 920 809 Missisrippiensis
933 746 1007 788 cum
1023 726 1192 810 Hispania·

310 855 381 898 rum
406 857 480 919 rege
504 837 628 920 pacisci,
644 836 887 919 Washingtorrio
902 839 1040 920 contigit.
1088 840 1191 917 Quod,

310 949 369 1010 etsi
390 947 609 1033 difficillimum
629 959 706 1025 erat,
723 948 764 1012 ad
779 950 913 1026 exitum,
930 960 1048 1028 tamen,
1067 951 1191 1013 felicem

310 1059 457 1144 perduxit
476 1060 749 1142 Washingtonius.
795 1062 882 1124 Ante
905 1062 1192 1125 Kentuckiensium

310 1172 491 1256 petitionem
506 1172 627 1256 praesidi
644 1173 898 1255 Congressuiquo
913 1172 1060 1249 oblatam,
1076 1174 1192 1236 Wash·

310 1283 483 1366 ingtonius,
511 1283 641 1368 (quippe
667 1283 720 1365 qui
745 1283 921 1346 incolarum
948 1283 1192 1348 occidentalium

310 1397 527 1478 agrimoniam
544 1395 839 1478 solicitudinamque
858 1397 951 1479 probe
972 1396 1189 1480 cognoverat)

311 1509 416 1571 virum
441 1507 599 1590 inclytum
623 1508 782 1570 Thomam
797 1508 1015 1572 Jeffcrsonium
1036 1509 1139 1592 jussit,
1155 1519 1193 1571 ut

310 1619 507 1703 Reipublicae
519 1618 762 1682 Kentuc'kiansis
779 1621 1017 1702 gubernatorem
1030 1620 1191 1683 certiorem

310 1733 453 1808 faceret,¹
478 1733 559 1792 sese¹
583 1731 669 1794 omni
694 1732 814 1796 ratione
839 1730 976 1794 laborare
1001 1741 1033 1794 et
1050 1731 1119 1808 niti,
1143 1742 1190 1809 ut,

310 1843 573 1919 Kentuckienses,
591 1843 657 1906 sinc
672 1845 817 1908 molestia
831 1855 889 1906 aut
904 1839 1127 1928 impedimento
1142 1843 1192 1906 ul-

310 1953 351 2032 lo,
367 1975 404 2018 co
427 1955 556 2018 flumine
579 1966 751 2019 uterentur.
798 1955 850 2021 Ad
867 1955 938 2034 hoo,
955 1956 1040 2021 Galli
1064 1958 1086 2020 a
1110 1956 1193 2020 bello

311 2066 490 2134 civitatibus
500 2068 652 2152 Hispanis
666 2068 826 2133 inserendo
839 2068 1013 2134 deterrendi
1027 2071 1050 2133 a
1063 2069 1192 2153 praeside

311 2191 411 2243 crant.

353 2291 625 2373 Washingtonius,
643 2291 777 2367 interim,
794 2291 954 2354 Thomam
969 2290 1190 2372 Pinckneyum

312 2399 353 2463 ad
370 2401 597 2483 Hispaniarum
613 2421 722 2482 regem
736 2401 863 2482 legavit.
907 2401 960 2476 Et,
976 2401 1091 2462 Christi
1109 2422 1192 2464 auno

312 2511 478 2574 millesimo
493 2511 773 2594 septingentesimo
785 2510 1121 2599 nonagesimoquintc,
1134 2515 1193 2575 ἴω-

312 2621 373 2686 dus
386 2644 459 2685 cum
473 2622 700 2707 Hispaniarum
715 2643 787 2705 rege
801 2622 899 2685 ictum
910 2622 981 2698 fuit,
992 2643 1053 2704 quo
1064 2625 1190 2702 foederc,

311 2733 419 2796 omnia
439 2753 509 2816 quae
531 2732 572 2795 de
592 2733 708 2796 linibus
726 2716 927 2815 fluminisque
950 2733 1191 2819 Mississippicn-

312 2845 353 2908 sis
368 2866 429 2907 usu
444 2846 594 2930 petebant
609 2845 798 2923 Amerinam,
813 2845 965 2909 facillime
982 2847 1022 2908 ab
1038 2847 1192 2931 Hispanis

313 2955 576 3020 concedebantur.

356 3069 427 3147 His,
457 3069 566 3151 igitur,
592 3070 683 3133 rebus
712 3071 816 3148 fiebat,
844 3080 880 3132 ut
907 3069 1192 3135 Kentuclriensium

313 3179 508 3264 aliorumque
532 3180 735 3263 querimoniis
757 3181 1007 3264 egrimoniisquc
1029 3182 1192 3267 impositus

313 3293 354 3356 sit
364 3292 446 3356 finis.
493 3291 607 3356 Otium
620 3303 652 3355 et
663 3293 874 3374 tranquillitas
888 3293 921 3354 in
934 3293 1112 3357 civitatibus
1125 3315 1192 3358 om-

344 3523 352 3556 1
372 3515 496 3564 Certioran
505 3514 601 3576 jaceret,
613 3517 663 3576 dc,
680 3514 752 3564 “that
764 3513 795 3563 he
804 3512 883 3564 would
893 3513 985 3578 inform,
995 3531 1021 3566 or
1030 3515 1143 3582 acquaint
1152 3516 1192 3566 tho

313 3593 449 3658 governorJ’

315 3755 321 3767 ⁸
344 3680 814 3806 uppefflroulsrwmugan)
825 3681 995 3750 mnung
1006 3649 1190 3735 uramin-

314 3771 364 3822 mo
416 3763 433 3818 t
1182 3773 1185 3778 ·

1398 3569 1405 3820 l
