2840 4684
323 443 385 508 118
579 459 831 505 wssnrrrerorrrr
856 459 942 504 vrri.

371 607 475 671 Primo
503 605 670 668 obsidionis
699 605 760 681 die,
788 603 1037 682 Scammellius,¹
1060 603 1204 668 tribunus

321 719 540 795 Americanus,
559 719 723 802 prefectus
740 718 895 800 egregius,
911 723 1045 780 mortem
1059 717 1204 801 pulcher·
1231 735 1233 743 ·

322 831 437 893 rimam
451 830 535 892 obiit.
582 830 649 893 Sub
670 828 753 892 idern
769 840 903 914 tempus,
922 828 1118 906 Cornwellis,
1134 829 1205 893 lite·

320 963 383 1020 ras,
399 943 439 1004 ab
465 941 604 1005 Henrico
626 941 796 1018 Clintonio,
813 943 928 1024 equite,
945 942 1077 1026 aceepit,
1092 941 1220 1024 quibus,

321 1055 484 1143 inyliteris,
510 1054 621 1117 certior
643 1057 747 1117 factus
776 1057 848 1132 est,8
872 1054 1061 1137 “Digbyum
1088 1053 1206 1117 ducem

322 1168 500 1250 Anglicum
529 1167 688 1243 navalem,
718 1167 760 1230 ad
790 1189 859 1231 oras
889 1168 1104 1244 Americanes,
1132 1185 1205 1230 oum

322 1281 458 1344 navibus
480 1279 584 1362 longis
603 1280 794 1361 quibusdam
817 1281 973 1365 appulisse
986 1285 1010 1354 ξ’
1032 1283 1206 1365 praeleetos-

323 1413 383 1476 que
399 1414 509 1456 omnes
521 1393 700 1468 Britannos,
717 1393 874 1456 auxilium
890 1393 931 1456 ad
946 1413 1020 1456 eum
1032 1413 1131 1476 quam
1147 1393 1206 1477 pri-

321 1508 412 1569 mbm
428 1505 553 1567 mittere
567 1503 796 1567 constituisse.”
843 1505 966 1579 Quibus
980 1505 1076 1568 literis
1089 1505 1207 1589 perlec-

323 1617 459 1694 tianon
474 1615 763 1679 cunctandum'sibi
779 1617 901 1680 censuit
918 1617 1115 1693 Comwallis,
1131 1617 1208 1699 quin

323 1728 365 1792 ad
379 1730 498 1792 fortiter
512 1728 723 1791 resistendum
739 1750 805 1792 sese
821 1729 906 1792 illico
919 1730 1110 1810 accingeret.

367 1842 428 1906 Die
452 1842 596 1906 Octobris
618 1841 751 1919 decimo,
775 1842 906 1924 agmina
928 1842 1025 1906 socia⁴
1049 1843 1207 1908 exercitiis

322 1955 498 2020 Britannici
513 1955 756 2039 propugnacula
771 1965 803 2018 et
818 1975 912 2038 opera
932 1975 1118 2039 expugnare
1134 1975 1208 2020 oon-

323 2045 514 2145 tondebant3
538 2067 656 2145 hostes,
668 2067 804 2145 interim,
818 2067 908 2130 haud
922 2067 1023 2131 timidi
1038 2069 1205 2132 resistunt:

323 2181 468 2243 maxime
481 2180 512 2242 vi
528 2191 560 2242 et
574 2181 690 2244 virtute
707 2181 854 2262 utrinque
867 2190 1013 2244 certatur.
1040 2180 1126 2243 Dum
1139 2181 1208 2242 haec

323 2303 487 2373 geruntur,
512 2290 720 2366 CoohranuS,⁶
738 2293 902 2374 praefeotus
925 2291 1108 2367 Britannus,
1133 2309 1207 2353 oum

323 2401 419 2463 literis
435 2401 540 2463 alteris
555 2403 577 2464 a
590 2401 751 2463 Clintonio
763 2401 805 2463 ad
820 2402 1006 2464 Cornwallis
1019 2412 1067 2464 est
1081 2402 1206 2466 missus.

324 2513 427 2577 Fortis
454 2513 708 2596 illepraefectus,
734 2519 798 2593 quo
826 2511 1013 2602 intenderat,
1040 2512 1208 2578 incolumis

325 2627 477 2710 pervenit,
509 2625 706 2707 classemque
737 2624 897 2692 Gallicam
932 2625 1063 2708 navigio
1092 2639 1207 2712 aperto,

323 2739 464 2802 evitavit.
511 2738 643 2815 Eodem,
660 2759 723 2820 quo
738 2737 923 2801 Americani
945 2737 1105 2820 (lallique,
1122 2741 1208 2823 oppi-

324 2849 437 2914 dulum
453 2851 632 2914 Eboracum
646 2871 831 2935 expugnare
852 2862 1012 2934 ooeperant
1027 2851 1087 2929 die,
1102 2852 1209 2916 literas

354 3069 364 3106 1
381 3061 669 3122 Scamoetrsue50010nel
686 3062 814 3122 Scammel,
832 3078 864 3111 an
877 3062 1007 3112 American
1023 3063 1104 3112 offioer
1119 3063 1147 3113 os
1164 3079 1209 3112 nn-

324 3154 434 3189 eommon
444 3138 519 3199 merit,
528 3138 583 3188 vrbo
594 3155 645 3188 was
655 3139 763 3204 mortally
774 3138 901 3200 wounded,
912 3139 960 3188 and
971 3141 1044 3188 taken
1056 3140 1168 3206 prisoner.

354 3224 366 3260 s
384 3217 563 3278 Certiorsoctua,
576 3219 618 3277 dec.
641 3219 657 3244 “
662 3216 711 3277 He,
725 3215 897 3278 (Comwallis,)
909 3233 961 3266 was
971 3216 1087 3266 insormed
1096 3218 1148 3267 thet
1157 3217 1209 3268 Ad-

323 3291 392 3342 rniral
404 3292 507 3357 nigbyss’
518 3293 561 3341 &a

354 3376 367 3414 ⁸
381 3371 510 3433 dpprdbse,
520 3369 569 3418 bed
579 3368 670 3418 arrived
680 3386 711 3419 on
721 3370 761 3420 tbe
771 3369 901 3420 American
911 3377 986 3432 coast,
995 3370 1057 3421 with
1066 3387 1133 3420 some
1143 3370 1209 3436 ships

324 3444 353 3497 of
358 3462 417 3496 war.
439 3473 440 3478 =

354 3531 366 3567 ⁴
382 3525 485 3586 ,dg-atino
493 3525 561 3585 socia
571 3526 587 3552 ‘¹
594 3523 634 3573 tbe
644 3523 715 3572 ellicd
725 3528 819 3588 troops”
832 3521 969 3585 (ofFranee
979 3525 1027 3576 end
1037 3524 1167 3589 Ameriae.)

354 3608 366 3643 Ι
385 3601 523 3650 Cocbrarmr.
555 3599 617 3649 This
627 3611 679 3650 was
687 3601 767 3666 Major
773 3600 884 3650 Cocbran
894 3602 922 3651 os
927 3603 968 3652 the
976 3603 1064 3652 Britisb
1073 3618 1148 3666 army,
1153 3601 1208 3651 wbo

324 3677 374 3729 ned
383 3679 444 3726 been
454 3685 509 3730 seut
517 3679 551 3742 by
557 3677 597 3728 Sir
606 3677 694 3744 Henry
703 3677 809 3741 clinton,
817 3678 875 3728 with
882 3679 923 3729 tbe
931 3679 1051 3746 duplicata
1061 3679 1129 3729 olbis
1139 3677 1208 3728 letter

326 3761 351 3805 te
360 3754 425 3805 Lord
437 3754 587 3806 Cornwallin.
