2834 4692
327 415 370 480 48
586 428 837 476 wssnrroronu
860 428 949 474 vrrs.

327 574 520 642 demonstret
538 576 721 660 probetque,
736 577 822 639 certe
840 573 999 659 postulare
1020 592 1211 658 summoque

330 689 402 773 jure
423 699 528 773 petere
550 687 667 754 debent
679 687 781 751 r-At
795 687 951 752 creatoris
973 687 1087 769 magni
1108 689 1212 751 obser-

327 800 438 864 vantia
459 800 638 882 cultusque,
654 799 863 863 humanitatis
878 799 982 875 effata,
997 803 1107 864 sensti·
1127 820 1213 864 oom-

328 915 435 976 munis
446 923 610 998 praecepta,
620 932 742 989 omnes,
753 912 808 995 qui
818 912 885 975 istis
897 911 936 976 de
948 913 1054 989 rebus,
1064 931 1213 995 unquam

328 1027 519 1109 cogitavere,
532 1025 688 1102 evincent,
699 1024 878 1108 imperium,
890 1022 933 1087 ad
944 1023 1066 1108 generis
1076 1023 1214 1090 humani

252 1108 257 1132 l
327 1138 466 1202 salntem
487 1135 734 1222 provehendam,
757 1136 1005 1218 felicitatemque
1029 1133 1214 1218 augendam

328 1248 647 1336 promerendamque,
660 1249 833 1330 antiquitas
847 1269 869 1314 a
883 1248 952 1314 Deo
964 1247 1149 1312 institutum
1162 1249 1215 1310 fu·
1224 1263 1238 1288 ν’

327 1363 398 1427 isse.
445 1364 597 1439 Senatus,
625 1370 737 1424 autem
766 1360 988 1438 Britannicus
1005 1349 1216 1424 immoderata

327 1473 452 1558 imperii
466 1473 597 1536 libidine
606 1473 766 1550 incensus,
780 1493 879 1555 quam
890 1472 1022 1556 justitie
1034 1493 1099 1536 non
1112 1471 1215 1536 solnm

328 1584 508 1662 adversam,
523 1584 579 1648 sed
591 1605 634 1648 ne
648 1585 739 1668 regni
754 1584 883 1668 quidem
898 1584 997 1669 ipsius
1011 1584 1141 1668 Anglici
1154 1586 1216 1648 fcr-

329 1715 393 1760 rnea
408 1717 578 1760 consonam
588 1717 656 1761 esse
666 1697 764 1775 novit,
777 1717 1024 1780 successumque
1034 1697 1169 1774 felicem,
1181 1697 1216 1760 in

330 1829 449 1892 genere
464 1810 574 1892 quovis
584 1809 775 1886 certaminis,
785 1810 819 1874 in
828 1829 894 1893 quc
905 1809 983 1894 justi
995 1810 1124 1893 verique
1136 1809 1217 1873 ratio

330 1921 442 1986 habita
463 1922 513 2000 sit,
521 1919 847 2006 desperanscolonies
861 1924 957 1988 hasce
973 1924 1005 1988 vi
1027 1923 1062 1988 in
1083 1922 1217 1988 servitn·

329 2045 396 2098 tem
419 2033 584 2117 redigendi
598 2035 768 2101 consilium
783 2035 912 2100 crudele
929 2036 1024 2120 oepit,
1038 2036 1215 2118 inivitque:

328 2166 450 2230 nosque
461 2145 504 2210 ad
513 2157 691 2213 extremam
702 2148 1005 2234 armispropulsandi
1015 2148 1218 2214 aoervicibus

329 2259 441 2324 nostris
453 2258 574 2342 gladios
583 2258 738 2322 districtos
747 2261 973 2322 necessitatem
984 2258 1217 2342 compulerunt.

330 2370 471 2448 Tamen,
486 2370 695 2453 quantumvis
718 2370 858 2434 Senatus
873 2370 943 2446 iste,
959 2390 1021 2452 prae
1038 2368 1142 2432 mnia
1157 2368 1219 2430 im-

331 2483 408 2569 perii
419 2472 581 2560 avidita'le,
592 2481 749 2558 caecutiat,
757 2481 875 2564 jusque
885 2491 917 2544 et
927 2479 1096 2546 hominnm
1107 2478 1220 2542 existi-

331 2596 507 2660 mationem
523 2604 717 2671 contemnat,
732 2593 953 2679 nosmetipsos,
969 2592 1008 2656 ob
1024 2611 1165 2654 amorem
1185 2591 1220 2658 in

333 2718 446 2790 gentes
458 2706 660 2790 reliquas-ed
670 2727 784 2794 causta,
798 2708 1049 2789 quereremur,
1061 2704 1219 2788 justitiam

333 2821 558 2905 exponendam
573 2819 694 2903 impelli
706 2818 925 2882 arbitremur.'’

377 2935 495 2998 Haecce
512 2932 665 3017 expositio
677 2931 787 2996 audax
802 2942 836 2996 et
849 2931 1026 3016 perspicua,
1039 2940 1129 2994 sexto
1140 2929 1161 2994 J
1162 2928 1220 3000 ulii

333 3045 395 3125 die,
414 3046 532 3110 Christi
550 3065 635 3107 anno
650 3043 835 3109 millessimo
855 3043 1138 3129 septingentesimo
1151 3063 1221 3126 sep-

334 3157 516 3240 tuagesimo
529 3155 651 3238 quinto,
664 3156 894 3242 Philadelphioe
905 3155 1005 3234 data,¹
1019 3166 1052 3218 et
1065 3157 1087 3220 a
1098 3155 1221 3218 Joanne

336 3269 537 3346 Hancookic‚
553 3279 586 3332 et
602 3269 716 3333 Carolo
739 3269 913 3346 Thomson,
928 3269 1114 3352 subscripta.
1162 3266 1221 3332 Ille

337 3383 534 3465 congressos
549 3400 673 3464 praeser,
687 3381 740 3444 hic
756 3392 867 3445 autem
882 3383 904 3445 e
917 3381 1059 3444 seeretis⁵¹
1074 3381 1145 3444 fuit.

369 3593 459 3653 rDcto,
477 3589 597 3654 “dated’'
613 3591 669 3641 thus
684 3590 775 3654 Cicero,
793 3593 871 3641 ddum
882 3593 947 3655 pride'
962 3592 997 3640 Id.
1013 3591 1070 3640 «her.
1100 3585 1223 3650 Liorslly,

339 3669 452 3734 “given”

371 3747 719 3812 'dracrnfflasecreteryr’'
730 3739 1224 3810 nmaueale,amssnresrequests&e
