2834 4692
482 521 735 568 wasnrrrcrourr
757 521 845 568 vira.
1061 505 1102 570 89

224 645 286 730 nia¹
302 665 412 730 afflatu
426 665 511 745 fulti,
523 667 630 730 omnia
645 668 784 752 pericula
797 659 1010 753 peregrinam
1021 673 1104 733 tarra

225 778 366 857 adibont'
389 778 577 862 malumque
600 779 737 858 Jovcm,¹
764 778 979 864 Indorumque
1000 781 1104 844 scrita·

224 899 301 968 tam,
316 893 446 969 sarnam,
462 891 609 970 calorem,
624 891 736 975 frigus,
752 892 834 956 ultro
848 893 991 977 perpessi.
1024 893 1104 958 Haec

224 1003 311 1066 mala
325 1003 421 1082 varia,
441 1003 563 1068 invicta
577 1004 693 1068 virtute
715 1004 955 1088 constantiique
977 1025 1104 1090 supera·

223 1115 322 1194 bant;
337 1116 617 1208 infortuniumquc
639 1136 732 1181 omna
750 1115 865 1194 subire,
880 1105 986 1200 quam'
1001 1116 1105 1200 roligi-
1129 1165 1131 1170 .

225 1211 293 1290 onia
317 1231 418 1292 causa
439 1227 559 1305 vexari,
580 1211 724 1312 praestare
751 1228 988 1291 arbitrabantur.
1035 1228 1105 1292 Haa

224 1340 430 1421 cogitationes
445 1361 554 1404 aecum
567 1351 736 1425 portantes,
750 1341 854 1404 solum
868 1339 1026 1403 incultum
1038 1360 1105 1404 om·

224 1450 259 1513 ni
272 1452 405 1534 frugum
420 1437 534 1535 ¹gencrc
549 1454 782 1517 feracissimum
795 1451 1006 1517 reddiderunt.

268 1565 371 1628 Paulo
381 1578 450 1650 post
460 1587 573 1650 pacem
584 1566 802 1644 Parisienaom
815 1566 934 1630 Christi
942 1585 1026 1629 anno
1035 1564 1105 1628 mil-

223 1675 335 1742 lasimo
356 1679 636 1763 septingentesimo
657 1679 859 1761 sexagesimo,
871 1677 962 1740 tortio
976 1679 1106 1754 factam,

217 1790 302 1852 'ratio
316 1809 401 1852 nova
412 1789 550 1855 colonias
563 1789 720 1871 Anglicas
729 1789 862 1872 rogandi
876 1789 1021 1852 instituta
1032 1790 1106 1854 fuit.

224 1900 331 1964 Solita
345 1901 496 1964 libertatis
518 1910 610 1962 tanta
624 1899 730 1962 subito
745 1901 926 1963 imminutio
939 1911 988 1962 cst
1008 1902 1107 1976 iacta,

215 2017 263 2074 'ut
286 2007 453 2074 duodecim
478 2010 579 2094 spatio
605 2028 774 2086 annorum,
796 2009 842 2070 nil
869 2019 978 2091 prater
1004 2009 1109 2072 solum

226 2121 409 2205 ooelnmquc
424 2125 489 2186 ferd
504 2122 665 2203 reliquum
674 2118 844 2184 habcbant.
890 2121 1029 2184 Senatus
1041 2119 1109 2184 Bri.

226 2236 386 2312 tannicua,
398 2235 433 2299 in
448 2255 512 2319 quo
526 2233 607 2297 nulli
622 2243 715 2298 crant
729 2233 923 2298 coloniarum
936 2233 1038 2298 vicem
1053 2254 1109 2318 gc·

226 2359 339 2427 rentes,
355 2369 419 2412 non
442 2348 546 2412 solnm
562 2345 744 2423 vindicavit,
760 2345 815 2408 scd
837 2345 935 2409 etiam
956 2347 1109 2426 exercuit,

226 2463 361 2539 colonos,
377 2461 418 2525 ad
440 2461 613 2536 arbitrium,
633 2459 688 2542 jus
710 2457 853 2522 taxandi.
901 2458 981 2524 Hac
1002 2469 1109 2542 postu-

225 2574 313 2654 latio,
328 2575 459 2657 Magna
477 2573 618 2636 Chartae⁸
633 2583 700 2634 tam
716 2571 881 2647 contraria,
897 2590 1031 2652 quaqua
1047 2570 1110 2634 dis-

227 2687 359 2751 crimina
381 2697 450 2750 tam
471 2685 626 2750 invidiosa
640 2684 721 2748 inter
742 2682 845 2747 cidem
868 2681 943 2768 regi,
958 2681 1109 2762 subditos,

221 2793 346 2857 dircrsa
365 2793 463 2858 maria
480 2791 636 2857 Atlantici
658 2789 749 2853 litora
769 2788 961 2866 habitantem
973 2788 1111 2867 induxit,

222 2918 260 2969 ut
275 2909 373 2970 turba
387 2927 500 2990 gravas
513 2905 596 2968 inter
611 2903 736 2967 colonos
751 2903 958 2979 excierantur,
974 2902 1087 2965 offacit.

265 3021 377 3101 Longa
405 3037 494 3080 mora
522 3027 604 3079 assat
632 3015 746 3092 dicata,
775 3018 899 3098 quanta
922 3011 1111 3098 pervicacia,

224 3135 408 3217 quantaque
420 3129 474 3192 lita
485 3131 507 3194 a
517 3131 642 3194 Senatu
653 3128 836 3193 Britannico
850 3125 988 3191 colonias
998 3124 1111 3189 Amer-

255 3335 264 3370 ¹
280 3329 402 3390 Numinis,
420 3331 461 3389 &a
492 3327 531 3392 By
547 3325 615 3376 thaso
633 3323 714 3374 words
728 3341 767 3374 wc
785 3339 858 3374 maan
877 3323 1031 3382 enthusiasta,
1051 3319 1112 3370 auch

222 3421 323 3472 persons
333 3421 361 3455 aa
371 3404 498 3456 conceivod
508 3403 653 3455 themselves
662 3401 776 3467 inspircd,
786 3419 813 3453 or
828 3403 868 3453 tha
884 3399 989 3467 peculim
1000 3395 1111 3447 savoritaa

224 3483 253 3534 os
263 3483 363 3532 heaven.

254 3561 360 3609 adorem.
391 3559 429 3626 By
438 3559 485 3609 this
496 3558 563 3608 word
578 3557 763 3621 irunderrtood,
774 3560 789 3588 “
797 3559 838 3608 tha
853 3556 972 3616 elimate?
983 3551 1024 3614 air,
1035 3558 1111 3603 atmo-

224 3639 317 3705 aphero‚
327 3638 454 3704 agreaably
463 3645 489 3687 to
495 3638 536 3687 the
546 3637 640 3687 notionr
649 3637 678 3688 of
683 3653 750 3688 sonia
760 3636 856 3688 nationa
866 3633 895 3684 os
899 3633 940 3682 tha
950 3638 1046 3696 present
1055 3631 1111 3697 day,

158 3735 162 3740 ·
225 3719 277 3770 that
284 3717 325 3766 tha
333 3715 398 3782 deity
404 3715 479 3765 ansa
488 3715 514 3764 in
523 3713 606 3765 thaair
613 3736 620 3779 ;
632 3732 647 3765 a
657 3716 733 3781 figura
742 3729 853 3766 common
860 3725 949 3774 among
958 3709 999 3758 the
1005 3709 1111 3762 classica

255 3803 267 3840 ⁸
279 3796 379 3856 Glcrtoe,
389 3793 429 3844 tho
439 3799 507 3860 gratu
516 3792 613 3858 charter,
623 3793 662 3844 tha
672 3792 783 3844 bulwark
793 3790 821 3842 oi
828 3787 929 3855 English
938 3786 1050 3840 libertina.
