2834 4692
328 485 371 550 44
586 497 837 546 wessrnororcrr
860 496 948 544 vrrs.

583 1023 718 1085 CAPUT
739 1019 955 1091 QUARTUM.

331 1219 498 1273 Catonianam
509 1217 700 1288 seductarum
719 1219 876 1272 mondoum
900 1214 1116 1285 Wordiogtonr'ur
1133 1212 1211 1281 unpe-

364 1305 525 1358 saroa-Ad
543 1302 706 1373 Congesta
722 1303 857 1371 presidem
877 1295 1212 1371 responsum-Commu·
1326 1303 1334 1316 ¹

361 1389 435 1458 giam
442 1385 836 1457 postomodum-Emended
850 1385 999 1456 congressu
1007 1384 1084 1454 prius
1096 1388 1213 1444 coarcta,

364 1489 451 1525 coram
461 1471 585 1524 militibus
603 1470 711 1521 recitato
726 1469 938 1521 esc-Ordinem
955 1467 1068 1519 omnium
1085 1481 1157 1518 arnor
1165 1479 1214 1532 pa·

364 1552 595 1608 triu—oum
622 1550 914 1604 obsidio-Bortoor'am
941 1548 1122 1619 comesccc‘uot
1151 1546 1214 1600 Bri·

365 1646 448 1700 torres,
459 1635 529 1706 opud
539 1634 787 1690 Neo-Eboroccrues
799 1635 892 1688 bellum
900 1637 1013 1704 gesturi.
1125 1652 1128 1657 ·

374 1799 678 1880 Wsssrncrortrus‚
691 1802 795 1866 vicem
811 1801 946 1865 civitatis
956 1798 1168 1884 virginiensis,
1180 1797 1215 1861 in

331 1911 523 1978 coloniarum
552 1914 775 1979 foederatarum
803 1914 993 1998 congressu,
1023 1934 1147 1998 gerens,
1173 1912 1216 1976 ad

330 2026 512 2092 Americani
534 2029 690 2092 exercitos
708 2048 871 2092 summum
894 2027 1071 2112 imperium,
1087 2026 1216 2089 nemine

331 2139 574 2219 contradicente,
590 2140 710 2204 electus
732 2152 800 2220 est3
825 2140 1019 2225 stipendium
1040 2158 1165 2223 quoque
1187 2135 1217 2200 ei

331 2252 354 2315 a
370 2251 549 2334 Congrenu
561 2273 658 2335 quam
674 2253 903 2336 amplissimum
916 2253 1077 2316 decretum
1089 2273 1098 2329 ;
1122 2249 1216 2332 quod,

332 2371 452 2439 tamen,
463 2365 591 2424 strenue
602 2362 798 2423 detrectavit.
834 2360 1218 2445 Responsiejusadcon-

333 2476 458 2556 gresstts
480 2471 642 2556 praesidem
663 2472 732 2534 haec
751 2473 812 2534 fuit
832 2473 999 2536 sententia
1047 2472 1220 2536 “Domine

333 2605 456 2670 praeses,
470 2585 540 2648 Etsi
552 2586 626 2648 vere
641 2585 750 2662 sentio,
764 2605 861 2668 quarn
875 2583 971 2650 vat-de
986 2585 1050 2648 hdo
1070 2583 1217 2666 designa·

335 2678 420 2760 tione
448 2719 501 2761 me
529 2698 647 2762 honore
674 2698 857 2778 extuleritis,
883 2710 1004 2778 tamen,
1025 2719 1219 2784 magnopere

335 2829 451 2888 vereor,
464 2831 505 2873 ne
520 2811 618 2874 animi
627 2811 719 2890 vires,
730 2832 868 2895 ususque
884 2813 929 2875 rei
941 2811 1107 2890 militaris,l
1120 2813 1218 2897 impe-

335 2923 417 2986 rium
426 2934 494 2986 tam
503 2944 668 3006 magnum,
682 2936 810 3007 tamque
821 2923 887 2988 late
901 2924 1037 2988 divisum
1053 2944 1218 3007 exaequare

335 3035 424 3098 haud
432 3036 565 3120 possint:
580 3037 738 3120 quoniam,
748 3038 921 3116 tamenim
930 3036 999 3100 vult
1012 3039 1218 3120 congressus,

336 3147 378 3212 ad
397 3148 515 3231 grande
529 3170 647 3212 munus
661 3171 712 3212 me
729 3151 831 3234 ipsum
853 3151 1030 3233 accingam.
1077 3152 1218 3215 Summis

336 3268 425 3346 porro
440 3261 567 3339 viribus,
583 3283 623 3324 ne
640 3262 756 3324 civium
766 3262 839 3346 jura
861 3283 1018 3345 causaque
1033 3261 1145 3326 decora
1159 3263 1218 3325 im·

337 3373 529 3450 minuantur,
547 3373 657 3436 enitor.
701 3375 828 3438 Gratias
847 3395 944 3458 quam
963 3375 1121 3438 maximas
1141 3374 1217 3437 civi·

336 3487 396 3550 bus
410 3506 451 3548 ex
466 3486 571 3548 anirno
586 3485 697 3563 habeo,
713 3487 752 3550 ob
771 3485 888 3570 pignus
902 3487 963 3549 hoc
977 3488 1101 3571 insigne
1116 3488 1150 3550 in
1165 3507 1218 3549 me

338 3599 461 3664 amoris.
506 3597 571 3662 Sed
586 3619 627 3661 ne
642 3598 713 3680 quis
729 3619 822 3661 casus
843 3599 1011 3677 infaustus,
1026 3601 1081 3682 qui
1096 3601 1217 3662 somam

431 3798 441 3834 1
460 3791 570 3856 Ueroque,
582 3794 623 3855 dfe.
656 3791 736 3844 “And
746 3769 966 3859 experienoeinthe
976 3793 1049 3846 ertof
1059 3797 1132 3844 wsr.”
