2834 4692
317 459 359 533 tc
575 477 828 524 usssrrrororvrr
851 479 939 528 vrrs.

315 643 392 702 rem,
407 621 531 688 muneri
544 623 680 708 publieo¹
695 623 850 702 debiturn,
863 645 960 708 quem
974 623 1054 690 alies
1068 624 1126 688 sibi
1138 623 1200 710 pri·

314 748 390 800 vato
404 735 657 820 haudquaquam
682 747 854 820 arrogaret,
876 737 1068 822 pervicacius
1092 748 1201 822 postu·

276 875 281 886 ·
313 847 388 928 lare,
412 869 540 932 aequum
563 869 631 912 asse
653 848 894 914 arbitrabatur.”
946 849 1064 916 Alteris
1091 849 1200 923 denub

312 961 421 1040 literis,
443 960 688 1040 estendere,
711 960 754 1024 ad
776 961 1059 1044 Washingtonium
1085 961 1200 1039 missis,

313 1073 507 1157 colloquium
522 1073 713 1160 perlongum
728 1093 803 1137 eum
818 1081 899 1140 inter
913 1084 946 1138 et
968 1074 1200 1162 Patprsonium,

311 1187 449 1270 praelecti
464 1186 551 1272 apud
565 1187 741 1252 exercitum
756 1187 933 1270 Anglicum
957 1196 1035 1250 tunc
1051 1185 1201 1270 temporie

310 1300 379 1364 rice
390 1302 590 1386 fungentem,
601 1300 759 1376 habitum,
769 1299 803 1362 in
814 1320 876 1382 quo
888 1300 1103 1376 Patersonius,
1117 1305 1200 1362 “eu-

309 1423 427 1478 ratores
442 1413 481 1478 da
493 1433 573 1498 pace
585 1411 791 1494 transigenda
804 1413 992 1478 auctoritate
1007 1415 1130 1495 magna
1145 1410 1201 1480 do·

309 1537 402 1589 natos
412 1510 481 1588 essa
491 1510 572 1588 dixit
583 1525 613 1601 ;”
630 1523 881 1607 euivesponsum
891 1524 964 1602 fuit,
976 1530 1114 1588 “eorum
1125 1545 1201 1587 auo-

309 1637 471 1700 toritatem
485 1636 527 1699 ad
541 1635 660 1700 colonis
670 1634 909 1718 ignoscendum,
919 1636 1113 1718 veniamque
1122 1635 1201 1700 dan-

310 1747 398 1826 dum,
422 1747 644 1813 tantummodo
672 1749 840 1832 pertinere,
862 1769 988 1831 eosque,
1004 1748 1057 1830 qui
1078 1747 1202 1812 nullius

309 1861 369 1924 sibi
384 1859 493 1924 delicti
505 1881 651 1944 unquam
667 1861 783 1926 conscii
797 1862 935 1938 fuerant,
946 1860 1068 1942 ignosci
1079 1870 1112 1923 at
1126 1879 1201 1924 oon-

299 1972 419 2040 ·donari
434 1973 549 2038 nolle.”
595 1972 655 2038 His
671 1971 774 2050 dictis,
784 1972 979 2054 colloquium
994 1973 1173 2057 abruptum.

353 2087 421 2151 Sub
437 2086 536 2150 Ducis
552 2085 655 2150 Hovve
669 2085 712 2150 ad
725 2085 867 2149 insulam
882 2085 997 2151 Staten
1013 2085 1200 2164 adventum,

309 2201 467 2266 exercitus
477 2199 690 2264 Americanus
703 2219 744 2262 ex
759 2198 872 2263 decem
880 2198 1048 2269 hominum
1060 2199 1200 2262 millibus

310 2313 488 2389 coruscabat,
504 2321 546 2389 et,
561 2310 788 2395 supplementis
804 2311 898 2374 variis
919 2310 1057 2393 quotidie
1080 2309 1199 2374 adven·

310 2424 463 2503 tentibus,
478 2434 553 2487 anta
574 2424 719 2489 Sextilis⁹
741 2427 852 2501 finem,
873 2421 915 2486 ad
939 2423 1053 2506 viginti
1078 2431 1198 2508 septem

310 2535 478 2600 hominum
501 2536 601 2600 millia
623 2537 763 2621 perbrevi
785 2534 944 2612 accrevit;
968 2554 1105 2616 quorum
1125 2555 1199 2619 pars

310 2669 433 2732 magna
444 2651 651 2734 militia⁸luit,
662 2651 823 2733 totiusque
832 2648 990 2712 exercitus
1000 2668 1073 2733 pars
1083 2657 1200 2730 quarta

311 2763 498 2844 aegrotabat:
522 2765 630 2841 morbi,
647 2764 763 2847 quibus
778 2761 894 2824 milites
913 2760 1025 2823 novitii
1039 2760 1198 2846 praecipue

309 2875 436 2940 obnoxii
446 2887 531 2956 sunt,
541 2878 608 2942 late
619 2876 824 2958 horrifioeque
834 2874 1033 2958 ingruebant,
1041 2875 1197 2951 abtaber-

309 2989 436 3052 naculis
447 2990 672 3065 deficientibus,
684 2988 923 3070 ingravescebat
937 2987 971 3050 in
981 2985 1047 3050 dies
1060 2987 1194 3052 malum.

310 3100 371 3164 Ha
387 3101 483 3185 copiae
499 3111 568 3163 tam
583 3099 743 3182 sagaciter
757 3099 949 3182 solerterque
964 3099 1098 3162 diversis
1119 3100 1196 3164 locis

308 3211 485 3296 insulisque
498 3213 752 3296 disponebantur,
766 3224 804 3276 ut
827 3213 943 3290 hostes,
959 3234 1134 3296 quemnam
1148 3213 1196 3279 lo-

288 3397 297 3428 *
340 3419 353 3452 ¹-
365 3410 462 3460 Munera
468 3409 566 3472 punition
577 3409 625 3457 “‘tc
634 3423 650 3456 a
659 3407 739 3472 public
748 3407 840 3469 cfficc‚”
850 3423 877 3457 or
887 3407 1091 3472 “amploymerrt”

339 3495 351 3530 π
368 3487 467 3547 Sestilu,
478 3485 540 3534 “dra
555 3485 638 3534 mouth
650 3484 680 3534 ol
688 3484 809 3550 Auguar
819 3501 847 3534 so
862 3485 939 3534 called
954 3485 1015 3548 from
1029 3485 1070 3536 the
1085 3485 1194 3540 amnem!

309 3561 1026 3629 adjectiveccutru‚tlrasixth‚beingtheaixthfroarMareh;
1037 3562 1194 3613 itwssuder·

309 3642 389 3690 warda
394 3640 470 3690 called
479 3642 608 3704 uagam,
618 3639 678 3690 from
684 3640 726 3689 the
734 3639 850 3704 Emperor
859 3639 887 3690 os
891 3637 942 3690 that
948 3656 1026 3690 name.

318 3709 320 3727 '
340 3719 461 3768 aratura
492 3717 555 3766 This
570 3717 591 3766 is
606 3717 662 3767 here
675 3717 749 3767 taken
765 3717 801 3767 for
814 3717 880 3768 what
895 3733 933 3767 we
947 3717 1094 3768 understand
1110 3719 1143 3782 by
1152 3715 1195 3768 tte

310 3799 372 3844 term
380 3793 500 3846 “militia”
510 3793 535 3844 in
544 3793 645 3862 English
652 3815 662 3860 ς
678 3793 774 3846 derived
782 3793 842 3847 fram
850 3797 924 3860 nuo,
933 3799 949 3826 “
957 3812 973 3846 a
982 3793 1090 3867 soldier?
