2840 4684
486 509 738 556 wrsrrmeronu
762 509 849 554 vrrs.
1066 489 1108 552 88

227 657 297 724 Etsi
323 658 372 722 hae
388 656 578 741 suspiciones
598 657 709 719 inanes
732 664 832 732 erent,
848 652 973 729 eedem,
989 661 1107 728 temen,

227 772 324 848 male,
341 792 378 834 ec
394 771 420 833 si
434 790 515 832 verre
531 779 646 845 essent,
662 772 820 853 peperere.

271 883 395 948 Eodem
417 885 480 945 fere
493 894 642 968 ternpore,
658 880 914 964 Philadelphiem
927 879 1110 962 relinquere,

228 994 510 1078 Baltimoriamque
520 982 675 1070 recedere,
685 993 877 1076 Congressui
888 993 988 1055 setius
996 993 1108 1054 visum.

230 1107 291 1170 His
306 1089 490 1190 urgentibus
506 1107 754 1184 difficultatibus,
769 1105 1046 1187 Washing'tonius‚
1062 1117 1112 1168 ta-

230 1240 315 1296 men,
346 1220 505 1283 interritus
533 1220 715 1304 permansit.
764 1218 813 1281 De
842 1218 944 1280 salute
973 1219 1111 1302 publica,

230 1330 319 1393 haud
330 1351 474 1414 unquam
485 1331 668 1416 desperavit.
692 1331 1113 1408 Constantieinviotdmem·

230 1464 283 1528 per
306 1443 391 1506 idern
405 1439 533 1522 mansit,
549 1456 581 1508 et
597 1444 749 1508 exercitui
763 1444 891 1508 vultum
911 1463 1058 1506 serenum
1082 1453 1115 1504 et

231 1554 438 1638 tranquillum
451 1563 602 1641 perpetuo
615 1556 781 1640 praestitit.¹
818 1555 918 1634 Nihil,
932 1555 1017 1638 quod
1032 1555 1115 1618 hosti

230 1667 363 1745 officere,
377 1679 435 1731 aut
447 1669 622 1732 exercitum
635 1669 781 1751 civesque
796 1668 915 1733 hortari
926 1679 958 1730 et
974 1668 1116 1731 animare

231 1791 343 1862 posset,
367 1782 406 1843 ab
429 1780 483 1844 illo
505 1782 757 1865 praetermissum.
804 1780 971 1845 Exercitds
994 1792 1116 1844 statum

231 1911 383 1954 mancum
400 1904 496 1974 atque
510 1893 658 1968 debilem,
672 1893 827 1972 equitatu,
840 1893 1004 1955 tormentis
1019 1892 1116 1974 mejo-

231 2003 328 2078 ribus,
344 2012 376 2063 et
399 2003 551 2085 prefectis
577 2003 682 2086 peritis
705 2005 796 2083 aeque
819 2006 1008 2078 carentem,²
1032 2002 1117 2065 Gon-

232 2114 354 2197 gressui
374 2134 501 2176 summo
521 2113 625 2176 studio
642 2112 869 2176 demonstravit
884 2113 1115 2196 suggessitque.

233 2227 362 2305 Milites,
378 2227 412 2290 in
434 2229 526 2290 breve
541 2237 665 2311 tempus
688 2225 886 2311 conscriptos,
903 2228 968 2290 fere
988 2215 1118 2288 inutiles

232 2361 300 2402 esse
315 2339 430 2403 docuit.

277 2453 384 2516 Hasce
406 2456 469 2515 res³
490 2452 705 2535 Congressum
727 2449 840 2515 sedulo
864 2462 897 2514 et
918 2454 1119 2535 summopere

233 2566 378 2628 monuit:
403 2564 468 2642 sed,
485 2586 526 2628 ne
542 2564 682 2648 aliquem
696 2563 833 2641 laederet,
849 2564 1003 2648 subjecit;
1022 2570 1119 2628 “me-

234 2687 286 2740 tus
310 2678 463 2761 timorque
485 2699 526 2740 ne
551 2680 638 2740 fama
664 2676 820 2762 perdatur,
843 2698 884 2740 ne
906 2678 989 2740 bone
1019 2677 1120 2762 publi·

233 2802 353 2868 centur,
369 2811 409 2853 ne
432 2790 561 2852 libertas
584 2790 617 2852 in
639 2789 809 2852 discrimen
832 2787 958 2872 aliquod
981 2801 1118 2867 vocetur,

234 2925 285 2966 me
310 2903 510 2987 inculpatum
537 2923 575 2964 ac
600 2913 783 2988 purgatum,
809 2913 913 2965 vestro
936 2902 1056 2987 judicio
1080 2924 1119 2964 cc

234 3016 403 3091 sententie,
426 3014 621 3077 exhibebunt
635 3016 805 3097 :”-utque
828 3013 993 3090 nonnulle,
1010 3014 1120 3076 incon-

235 3127 318 3189 sulto
345 3126 533 3209 Congressu,
560 3147 656 3208 agere
679 3137 711 3189 et
735 3129 889 3193 conficere
914 3128 971 3190 sibi
999 3127 1118 3204 liceret,

267 3357 279 3391 ²
297 3349 423 3409 Garnttem,
442 3348 595 3414 “wanting,”
609 3348 764 3398 “destitute’'
795 3349 847 3399 We
863 3348 973 3400 consider
986 3349 1033 3400 this
1049 3349 1120 3414 perti·

236 3425 298 3490 ciple
315 3441 343 3473 ns
360 3424 471 3490 egreeing
480 3425 539 3475 with
553 3432 638 3476 etatum
653 3426 678 3475 in
695 3425 736 3475 the
745 3426 893 3490 accusativ03
915 3428 965 3488 but,
978 3427 1088 3492 perhaps,
1103 3427 1122 3477 it

237 3503 312 3568 might
322 3502 380 3551 with
395 3518 462 3552 some
477 3502 596 3568 propriety
605 3505 635 3553 be
645 3503 730 3569 placed
739 3503 765 3553 in
774 3503 815 3554 the
825 3503 934 3570 genitive,
945 3511 970 3553 to
983 3518 1053 3568 agree
1062 3503 1122 3554 with

226 3589 228 3594 '
237 3583 358 3630 exercitur.

268 3666 279 3700 ³
294 3654 371 3706 Hasce
381 3672 425 3718 res,
437 3659 479 3718 de.
511 3656 573 3706 “He
582 3657 702 3708 reminded
712 3658 835 3723 Congress
845 3657 873 3708 of
887 3659 925 3718 (es
935 3661 970 3721 to)
979 3658 1047 3708 dress
1060 3665 1120 3710 met·

237 3738 308 3786 ters.”
339 3732 365 3783 A
374 3733 445 3783 mode
454 3732 482 3782 of
493 3734 636 3798 expression,
647 3734 672 3784 in
688 3735 804 3785 imitation
815 3734 844 3785 ol'
854 3735 895 3784 the
910 3735 1013 3798 Greeks,
1023 3737 1064 3786 the
1082 3751 1120 3787 co·

238 3811 345 3864 cusative
354 3810 382 3862 of
391 3811 431 3862 the
441 3812 509 3875 tln'ng
515 3810 588 3875 being
596 3811 715 3876 governed
724 3813 758 3876 by
767 3827 784 3861 n
789 3813 930 3876 preposition
938 3810 1042 3878 implied.
