<?xml version="1.0" encoding="UTF-8"?>
<!DOCTYPE html PUBLIC "-//W3C//DTD XHTML 1.0 Transitional//EN"
    "http://www.w3.org/TR/xhtml1/DTD/xhtml1-transitional.dtd">
<html xmlns="http://www.w3.org/1999/xhtml" xml:lang="en" lang="en">
 <head>
  <title>
</title>
<meta http-equiv="Content-Type" content="text/html;charset=utf-8" />
  <meta name='ocr-system' content='tesseract 3.04.00' />
  <meta name='ocr-capabilities' content='ocr_page ocr_carea ocr_par ocr_line ocrx_word'/>
</head>
<body>
  <div class='ocr_page' id='page_1' title='image "./alifegeorgewash03glasgoog_0054.png"; bbox 0 0 2834 4692; ppageno 0'>
   <div class='ocr_carea' id='block_1_1' title="bbox 505 489 1128 567">
    <p class='ocr_par' dir='ltr' id='par_1_1' title="bbox 505 489 1128 567">
     <span class='ocr_line' id='line_1_1' title="bbox 505 489 1128 567; baseline 0 -1"><span class='ocrx_word' id='word_1_1' title='bbox 505 518 758 567; x_wconf 77' lang='lat' dir='ltr'><strong>wnssrnorourr</strong></span> <span class='ocrx_word' id='word_1_2' title='bbox 780 489 868 564; x_wconf 76' lang='lat' dir='ltr'><strong>vira.</strong></span> <span class='ocrx_word' id='word_1_3' title='bbox 1085 501 1128 566; x_wconf 81' lang='lat' dir='ltr'><strong>tt</strong></span> 
     </span>
    </p>
   </div>
   <div class='ocr_carea' id='block_1_2' title="bbox 244 663 1189 3136">
    <p class='ocr_par' dir='ltr' id='par_1_2' title="bbox 244 663 1189 3136">
     <span class='ocr_line' id='line_1_2' title="bbox 246 663 1130 752; baseline -0.003 -19"><span class='ocrx_word' id='word_1_4' title='bbox 246 687 322 734; x_wconf 84' lang='lat' dir='ltr'><strong>oum</strong></span> <span class='ocrx_word' id='word_1_5' title='bbox 333 664 510 732; x_wconf 80' lang='lat' dir='ltr'><strong>instrlnmve</strong></span> <span class='ocrx_word' id='word_1_6' title='bbox 521 666 720 752; x_wconf 81' lang='lat' dir='ltr'><strong>potissimum</strong></span> <span class='ocrx_word' id='word_1_7' title='bbox 740 665 942 741; x_wconf 76' lang='lat' dir='ltr'><strong>adorirentur,</strong></span> <span class='ocrx_word' id='word_1_8' title='bbox 957 663 1130 730; x_wconf 81' lang='lat' dir='ltr'><strong>ubinamvo</strong></span> 
     </span>
     <span class='ocr_line' id='line_1_3' title="bbox 245 775 1043 859; baseline -0.005 -15"><span class='ocrx_word' id='word_1_9' title='bbox 245 780 319 844; x_wconf 87' lang='lat' dir='ltr'><strong>belli</strong></span> <span class='ocrx_word' id='word_1_10' title='bbox 331 777 484 844; x_wconf 63' lang='lat' dir='ltr'><strong>minandi</strong></span> <span class='ocrx_word' id='word_1_11' title='bbox 498 778 627 845; x_wconf 87' lang='lat' dir='ltr'><strong>initium</strong></span> <span class='ocrx_word' id='word_1_12' title='bbox 640 779 739 856; x_wconf 89' lang='lat' dir='ltr'><strong>tieret,</strong></span> <span class='ocrx_word' id='word_1_13' title='bbox 754 775 810 846; x_wconf 82' lang='lat' dir='ltr'><strong>dib</strong></span> <span class='ocrx_word' id='word_1_14' title='bbox 825 776 1043 859; x_wconf 76' lang='lat' dir='ltr'><strong>ambigebant.</strong></span> 
     </span>
     <span class='ocr_line' id='line_1_4' title="bbox 288 889 1132 976; baseline -0.002 -20"><span class='ocrx_word' id='word_1_15' title='bbox 288 891 551 976; x_wconf 79' lang='lat' dir='ltr'><strong>Waahingtonius</strong></span> <span class='ocrx_word' id='word_1_16' title='bbox 566 891 622 972; x_wconf 89' lang='lat' dir='ltr'><strong>nil,</strong></span> <span class='ocrx_word' id='word_1_17' title='bbox 635 891 719 976; x_wconf 92' lang='lat' dir='ltr'><strong>quod</strong></span> <span class='ocrx_word' id='word_1_18' title='bbox 730 890 846 954; x_wconf 81' lang='lat' dir='ltr'>milites</span> <span class='ocrx_word' id='word_1_19' title='bbox 858 889 900 954; x_wconf 86' lang='lat' dir='ltr'><strong>ad</strong></span> <span class='ocrx_word' id='word_1_20' title='bbox 911 889 1017 954; x_wconf 87' lang='lat' dir='ltr'><strong>hostes</strong></span> <span class='ocrx_word' id='word_1_21' title='bbox 1030 889 1132 954; x_wconf 82' lang='lat' dir='ltr'><strong>lases·</strong></span> 
     </span>
     <span class='ocr_line' id='line_1_5' title="bbox 245 1001 1132 1091; baseline -0.003 -21"><span class='ocrx_word' id='word_1_22' title='bbox 245 1003 357 1070; x_wconf 77' lang='lat' dir='ltr'><strong>sendos</strong></span> <span class='ocrx_word' id='word_1_23' title='bbox 367 1005 580 1091; x_wconf 83' lang='lat' dir='ltr'><strong>impetumque</strong></span> <span class='ocrx_word' id='word_1_24' title='bbox 588 1003 768 1087; x_wconf 85' lang='lat' dir='ltr'><strong>Auglorum</strong></span> <span class='ocrx_word' id='word_1_25' title='bbox 777 1001 1132 1067; x_wconf 76' lang='lat' dir='ltr'><strong>fortitersustinendum</strong></span> 
     </span>
     <span class='ocr_line' id='line_1_6' title="bbox 245 1115 1132 1203; baseline -0.005 -21"><span class='ocrx_word' id='word_1_26' title='bbox 245 1117 366 1182; x_wconf 76' lang='lat' dir='ltr'><strong>alacres</strong></span> <span class='ocrx_word' id='word_1_27' title='bbox 393 1117 579 1203; x_wconf 85' lang='lat' dir='ltr'><strong>paratosque</strong></span> <span class='ocrx_word' id='word_1_28' title='bbox 608 1115 759 1194; x_wconf 88' lang='lat' dir='ltr'><strong>redderet,</strong></span> <span class='ocrx_word' id='word_1_29' title='bbox 786 1115 1005 1201; x_wconf 80' lang='lat' dir='ltr'><strong>praetemisit3</strong></span> <span class='ocrx_word' id='word_1_30' title='bbox 1026 1115 1132 1179; x_wconf 76' lang='lat' dir='ltr'><strong>ratio·</strong></span> 
     </span>
     <span class='ocr_line' id='line_1_7' title="bbox 245 1227 1131 1315; baseline -0.002 -19"><span class='ocrx_word' id='word_1_31' title='bbox 245 1234 395 1314; x_wconf 86' lang='lat' dir='ltr'><strong>nemque¹</strong></span> <span class='ocrx_word' id='word_1_32' title='bbox 410 1250 538 1296; x_wconf 90' lang='lat' dir='ltr'><strong>omnem</strong></span> <span class='ocrx_word' id='word_1_33' title='bbox 551 1230 674 1294; x_wconf 89' lang='lat' dir='ltr'><strong>animos</strong></span> <span class='ocrx_word' id='word_1_34' title='bbox 685 1228 793 1315; x_wconf 78' lang='lat' dir='ltr'><strong>patria</strong></span> <span class='ocrx_word' id='word_1_35' title='bbox 809 1247 916 1292; x_wconf 88' lang='lat' dir='ltr'><strong>amore</strong></span> <span class='ocrx_word' id='word_1_36' title='bbox 930 1227 1131 1306; x_wconf 81' lang='lat' dir='ltr'><strong>incendendi,</strong></span> 
     </span>
     <span class='ocr_line' id='line_1_8' title="bbox 244 1341 1133 1428; baseline -0.001 -22"><span class='ocrx_word' id='word_1_37' title='bbox 244 1342 369 1427; x_wconf 78' lang='lat' dir='ltr'>irasque</span> <span class='ocrx_word' id='word_1_38' title='bbox 390 1344 424 1408; x_wconf 89' lang='lat' dir='ltr'><strong>in</strong></span> <span class='ocrx_word' id='word_1_39' title='bbox 447 1343 553 1408; x_wconf 87' lang='lat' dir='ltr'><strong>hostes</strong></span> <span class='ocrx_word' id='word_1_40' title='bbox 574 1342 783 1421; x_wconf 82' lang='lat' dir='ltr'><strong>suscitandas,</strong></span> <span class='ocrx_word' id='word_1_41' title='bbox 800 1351 949 1428; x_wconf 87' lang='lat' dir='ltr'><strong>expertus</strong></span> <span class='ocrx_word' id='word_1_42' title='bbox 966 1351 1024 1420; x_wconf 89' lang='lat' dir='ltr'><strong>est,</strong></span> <span class='ocrx_word' id='word_1_43' title='bbox 1036 1341 1133 1426; x_wconf 86' lang='lat' dir='ltr'><strong>jussis</strong></span> 
     </span>
     <span class='ocr_line' id='line_1_9' title="bbox 246 1453 1132 1541; baseline -0.006 -20"><span class='ocrx_word' id='word_1_44' title='bbox 246 1457 459 1540; x_wconf 78' lang='lat' dir='ltr'><strong>generalibur⁸</strong></span> <span class='ocrx_word' id='word_1_45' title='bbox 469 1459 513 1522; x_wconf 86' lang='lat' dir='ltr'><strong>sia</strong></span> <span class='ocrx_word' id='word_1_46' title='bbox 524 1475 577 1521; x_wconf 88' lang='lat' dir='ltr'><strong>eoa</strong></span> <span class='ocrx_word' id='word_1_47' title='bbox 588 1457 721 1521; x_wconf 84' lang='lat' dir='ltr'><strong>affatus:</strong></span> <span class='ocrx_word' id='word_1_48' title='bbox 739 1456 910 1541; x_wconf 82' lang='lat' dir='ltr'><strong>“Tempus</strong></span> <span class='ocrx_word' id='word_1_49' title='bbox 919 1455 1029 1532; x_wconf 85' lang='lat' dir='ltr'><strong>instat,</strong></span> <span class='ocrx_word' id='word_1_50' title='bbox 1036 1453 1132 1537; x_wconf 91' lang='lat' dir='ltr'><strong>quod,</strong></span> 
     </span>
     <span class='ocr_line' id='line_1_10' title="bbox 245 1567 1133 1647; baseline -0.002 -15"><span class='ocrx_word' id='word_1_51' title='bbox 245 1569 333 1632; x_wconf 87' lang='lat' dir='ltr'><strong>bberi</strong></span> <span class='ocrx_word' id='word_1_52' title='bbox 359 1590 402 1634; x_wconf 90' lang='lat' dir='ltr'><strong>an</strong></span> <span class='ocrx_word' id='word_1_53' title='bbox 428 1569 510 1634; x_wconf 84' lang='lat' dir='ltr'><strong>servi</strong></span> <span class='ocrx_word' id='word_1_54' title='bbox 533 1569 634 1635; x_wconf 81' lang='lat' dir='ltr'><strong>futuri</strong></span> <span class='ocrx_word' id='word_1_55' title='bbox 659 1569 724 1633; x_wconf 89' lang='lat' dir='ltr'><strong>siut</strong></span> <span class='ocrx_word' id='word_1_56' title='bbox 747 1569 955 1647; x_wconf 79' lang='lat' dir='ltr'><strong>Americani3</strong></span> <span class='ocrx_word' id='word_1_57' title='bbox 979 1567 1133 1632; x_wconf 79' lang='lat' dir='ltr'><strong>utrumnd</strong></span> 
     </span>
     <span class='ocr_line' id='line_1_11' title="bbox 244 1680 1134 1770; baseline -0.004 -23"><span class='ocrx_word' id='word_1_58' title='bbox 244 1682 429 1766; x_wconf 75' lang='lat' dir='ltr'><strong>quidquam,</strong></span> <span class='ocrx_word' id='word_1_59' title='bbox 442 1682 526 1768; x_wconf 93' lang='lat' dir='ltr'><strong>quod</strong></span> <span class='ocrx_word' id='word_1_60' title='bbox 540 1682 698 1770; x_wconf 90' lang='lat' dir='ltr'><strong>proprium</strong></span> <span class='ocrx_word' id='word_1_61' title='bbox 712 1682 774 1747; x_wconf 88' lang='lat' dir='ltr'><strong>dici</strong></span> <span class='ocrx_word' id='word_1_62' title='bbox 789 1681 895 1768; x_wconf 78' lang='lat' dir='ltr'>possit,</span> <span class='ocrx_word' id='word_1_63' title='bbox 910 1680 1072 1758; x_wconf 79' lang='lat' dir='ltr'><strong>habituri3</strong></span> <span class='ocrx_word' id='word_1_64' title='bbox 1090 1697 1134 1744; x_wconf 90' lang='lat' dir='ltr'><strong>an</strong></span> 
     </span>
     <span class='ocr_line' id='line_1_12' title="bbox 245 1793 1133 1881; baseline -0.006 -23"><span class='ocrx_word' id='word_1_65' title='bbox 245 1793 357 1859; x_wconf 89' lang='lat' dir='ltr'><strong>domus</strong></span> <span class='ocrx_word' id='word_1_66' title='bbox 372 1817 527 1881; x_wconf 82' lang='lat' dir='ltr'><strong>agrosque</strong></span> <span class='ocrx_word' id='word_1_67' title='bbox 542 1797 650 1860; x_wconf 85' lang='lat' dir='ltr'><strong>hostes</strong></span> <span class='ocrx_word' id='word_1_68' title='bbox 671 1795 803 1880; x_wconf 78' lang='lat' dir='ltr'><strong>impunb</strong></span> <span class='ocrx_word' id='word_1_69' title='bbox 826 1793 968 1857; x_wconf 81' lang='lat' dir='ltr'><strong>invasuri</strong></span> <span class='ocrx_word' id='word_1_70' title='bbox 983 1802 1016 1855; x_wconf 90' lang='lat' dir='ltr'><strong>et</strong></span> <span class='ocrx_word' id='word_1_71' title='bbox 1030 1793 1133 1875; x_wconf 86' lang='lat' dir='ltr'><strong>direp-</strong></span> 
     </span>
     <span class='ocr_line' id='line_1_13' title="bbox 246 1899 1134 1992; baseline -0.002 -22"><span class='ocrx_word' id='word_1_72' title='bbox 246 1905 330 1984; x_wconf 91' lang='lat' dir='ltr'><strong>turi;</strong></span> <span class='ocrx_word' id='word_1_73' title='bbox 354 1909 493 1991; x_wconf 83' lang='lat' dir='ltr'><strong>perbrevi</strong></span> <span class='ocrx_word' id='word_1_74' title='bbox 518 1903 711 1992; x_wconf 84' lang='lat' dir='ltr'><strong>dijudicabit.</strong></span> <span class='ocrx_word' id='word_1_75' title='bbox 758 1905 894 1970; x_wconf 86' lang='lat' dir='ltr'><strong>lntinitee</strong></span> <span class='ocrx_word' id='word_1_76' title='bbox 919 1899 1134 1968; x_wconf 85' lang='lat' dir='ltr'><strong>multitudinis</strong></span> 
     </span>
     <span class='ocr_line' id='line_1_14' title="bbox 246 2015 1134 2102; baseline 0 -22"><span class='ocrx_word' id='word_1_77' title='bbox 246 2016 390 2082; x_wconf 88' lang='lat' dir='ltr'><strong>nondum</strong></span> <span class='ocrx_word' id='word_1_78' title='bbox 403 2027 496 2096; x_wconf 74' lang='lat' dir='ltr'><strong>natae,</strong></span> <span class='ocrx_word' id='word_1_79' title='bbox 508 2037 550 2080; x_wconf 88' lang='lat' dir='ltr'><strong>ex</strong></span> <span class='ocrx_word' id='word_1_80' title='bbox 564 2017 697 2102; x_wconf 76' lang='lat' dir='ltr'><strong>hujusne</strong></span> <span class='ocrx_word' id='word_1_81' title='bbox 711 2019 870 2080; x_wconf 74' lang='lat' dir='ltr'><strong>exercitiis</strong></span> <span class='ocrx_word' id='word_1_82' title='bbox 881 2015 1134 2094; x_wconf 83' lang='lat' dir='ltr'><strong>virtute,&#39;tatum</strong></span> 
     </span>
     <span class='ocr_line' id='line_1_15' title="bbox 247 2125 1135 2215; baseline 0 -23"><span class='ocrx_word' id='word_1_83' title='bbox 247 2129 404 2215; x_wconf 84' lang='lat' dir='ltr'><strong>pendebit.</strong></span> <span class='ocrx_word' id='word_1_84' title='bbox 451 2129 568 2194; x_wconf 77' lang='lat' dir='ltr'><strong>Hostes</strong></span> <span class='ocrx_word' id='word_1_85' title='bbox 589 2129 728 2192; x_wconf 85' lang='lat' dir='ltr'><strong>immites</strong></span> <span class='ocrx_word' id='word_1_86' title='bbox 751 2137 784 2192; x_wconf 88' lang='lat' dir='ltr'><strong>et</strong></span> <span class='ocrx_word' id='word_1_87' title='bbox 805 2125 1015 2192; x_wconf 84' lang='lat' dir='ltr'><strong>inexorabiles</strong></span> <span class='ocrx_word' id='word_1_88' title='bbox 1043 2128 1135 2192; x_wconf 87' lang='lat' dir='ltr'><strong>nobis</strong></span> 
     </span>
     <span class='ocr_line' id='line_1_16' title="bbox 246 2239 1134 2328; baseline -0.002 -23"><span class='ocrx_word' id='word_1_89' title='bbox 246 2252 357 2328; x_wconf 72' lang='lat' dir='ltr'><strong>praeter</strong></span> <span class='ocrx_word' id='word_1_90' title='bbox 371 2242 458 2306; x_wconf 85' lang='lat' dir='ltr'><strong>fortis</strong></span> <span class='ocrx_word' id='word_1_91' title='bbox 473 2239 612 2320; x_wconf 86' lang='lat' dir='ltr'><strong>ranixds,</strong></span> <span class='ocrx_word' id='word_1_92' title='bbox 629 2250 686 2304; x_wconf 90' lang='lat' dir='ltr'><strong>aut</strong></span> <span class='ocrx_word' id='word_1_93' title='bbox 700 2241 819 2304; x_wconf 88' lang='lat' dir='ltr'><strong>servitii</strong></span> <span class='ocrx_word' id='word_1_94' title='bbox 841 2240 1022 2326; x_wconf 88' lang='lat' dir='ltr'><strong>turpissimi,</strong></span> <span class='ocrx_word' id='word_1_95' title='bbox 1036 2239 1134 2325; x_wconf 89' lang='lat' dir='ltr'><strong>optio·</strong></span> 
     </span>
     <span class='ocr_line' id='line_1_17' title="bbox 247 2351 1189 2439; baseline -0.004 -19"><span class='ocrx_word' id='word_1_96' title='bbox 247 2375 332 2433; x_wconf 87' lang='lat' dir='ltr'><strong>nem,</strong></span> <span class='ocrx_word' id='word_1_97' title='bbox 347 2355 392 2419; x_wconf 90' lang='lat' dir='ltr'><strong>nil</strong></span> <span class='ocrx_word' id='word_1_98' title='bbox 406 2353 516 2439; x_wconf 84' lang='lat' dir='ltr'><strong>reliqui</strong></span> <span class='ocrx_word' id='word_1_99' title='bbox 538 2357 652 2420; x_wconf 76' lang='lat' dir='ltr'><strong>sendra.</strong></span> <span class='ocrx_word' id='word_1_100' title='bbox 697 2353 840 2432; x_wconf 80' lang='lat' dir='ltr'><strong>Vincere,</strong></span> <span class='ocrx_word' id='word_1_101' title='bbox 859 2353 967 2438; x_wconf 84' lang='lat' dir='ltr'><strong>igitur,</strong></span> <span class='ocrx_word' id='word_1_102' title='bbox 984 2363 1041 2418; x_wconf 89' lang='lat' dir='ltr'><strong>aut</strong></span> <span class='ocrx_word' id='word_1_103' title='bbox 1064 2351 1135 2439; x_wconf 89' lang='lat' dir='ltr'><strong>pul-</strong></span> <span class='ocrx_word' id='word_1_104' title='bbox 1186 2421 1189 2430; x_wconf 68' lang='grc'>,</span> 
     </span>
     <span class='ocr_line' id='line_1_18' title="bbox 247 2465 1135 2553; baseline -0.003 -20"><span class='ocrx_word' id='word_1_105' title='bbox 247 2469 327 2533; x_wconf 86' lang='lat' dir='ltr'><strong>ebra</strong></span> <span class='ocrx_word' id='word_1_106' title='bbox 350 2478 454 2553; x_wconf 88' lang='lat' dir='ltr'><strong>petere</strong></span> <span class='ocrx_word' id='word_1_107' title='bbox 474 2467 677 2553; x_wconf 82' lang='lat' dir='ltr'><strong>pervaluere</strong></span> <span class='ocrx_word' id='word_1_108' title='bbox 700 2477 846 2545; x_wconf 89' lang='lat' dir='ltr'><strong>mortem,</strong></span> <span class='ocrx_word' id='word_1_109' title='bbox 866 2466 960 2532; x_wconf 88' lang='lat' dir='ltr'><strong>nobis</strong></span> <span class='ocrx_word' id='word_1_110' title='bbox 984 2465 1135 2531; x_wconf 89' lang='lat' dir='ltr'><strong>hodierno</strong></span> 
     </span>
     <span class='ocr_line' id='line_1_19' title="bbox 247 2579 1135 2666; baseline -0.002 -21"><span class='ocrx_word' id='word_1_111' title='bbox 247 2581 298 2645; x_wconf 88' lang='lat' dir='ltr'><strong>die</strong></span> <span class='ocrx_word' id='word_1_112' title='bbox 313 2580 521 2645; x_wconf 84' lang='lat' dir='ltr'><strong>statuendum</strong></span> <span class='ocrx_word' id='word_1_113' title='bbox 532 2591 589 2644; x_wconf 88' lang='lat' dir='ltr'><strong>est.</strong></span> <span class='ocrx_word' id='word_1_114' title='bbox 626 2579 788 2645; x_wconf 74' lang='lat' dir='ltr'><strong>Officium*</strong></span> <span class='ocrx_word' id='word_1_115' title='bbox 802 2579 886 2664; x_wconf 94' lang='lat' dir='ltr'><strong>quod</strong></span> <span class='ocrx_word' id='word_1_116' title='bbox 894 2580 1135 2666; x_wconf 88' lang='lat' dir='ltr'><strong>nobismetipsis,</strong></span> 
     </span>
     <span class='ocr_line' id='line_1_20' title="bbox 247 2691 1135 2780; baseline 0.002 -23"><span class='ocrx_word' id='word_1_117' title='bbox 247 2691 331 2780; x_wconf 90' lang='lat' dir='ltr'><strong>quod</strong></span> <span class='ocrx_word' id='word_1_118' title='bbox 352 2694 458 2779; x_wconf 80' lang='lat' dir='ltr'><strong>patrita</strong></span> <span class='ocrx_word' id='word_1_119' title='bbox 480 2692 641 2770; x_wconf 78' lang='lat' dir='ltr'><strong>debemur,</strong></span> <span class='ocrx_word' id='word_1_120' title='bbox 664 2709 774 2756; x_wconf 85' lang='lat' dir='ltr'><strong>omnes</strong></span> <span class='ocrx_word' id='word_1_121' title='bbox 796 2692 889 2771; x_wconf 85' lang='lat' dir='ltr'><strong>vires,</strong></span> <span class='ocrx_word' id='word_1_122' title='bbox 911 2711 1135 2777; x_wconf 85' lang='lat' dir='ltr'><strong>summamque</strong></span> 
     </span>
     <span class='ocr_line' id='line_1_21' title="bbox 247 2803 1134 2891; baseline -0.001 -21"><span class='ocrx_word' id='word_1_123' title='bbox 247 2807 400 2870; x_wconf 83' lang='lat' dir='ltr'><strong>virtutem</strong></span> <span class='ocrx_word' id='word_1_124' title='bbox 411 2803 558 2891; x_wconf 82' lang='lat' dir='ltr'><strong>postulat</strong></span> <span class='ocrx_word' id='word_1_125' title='bbox 595 2804 828 2881; x_wconf 76' lang='lat' dir='ltr'><strong>Quodsinobis</strong></span> <span class='ocrx_word' id='word_1_126' title='bbox 839 2808 965 2870; x_wconf 81' lang='lat' dir='ltr'><strong>ionuna</strong></span> <span class='ocrx_word' id='word_1_127' title='bbox 977 2807 1134 2884; x_wconf 88' lang='lat' dir='ltr'><strong>inviderit,</strong></span> 
     </span>
     <span class='ocr_line' id='line_1_22' title="bbox 248 2917 1135 3003; baseline 0 -21"><span class='ocrx_word' id='word_1_128' title='bbox 248 2928 306 2982; x_wconf 89' lang='lat' dir='ltr'><strong>aut</strong></span> <span class='ocrx_word' id='word_1_129' title='bbox 321 2939 378 2985; x_wconf 91' lang='lat' dir='ltr'><strong>nos</strong></span> <span class='ocrx_word' id='word_1_130' title='bbox 399 2917 549 2982; x_wconf 81' lang='lat' dir='ltr'><strong>fortitudo</strong></span> <span class='ocrx_word' id='word_1_131' title='bbox 565 2917 723 2996; x_wconf 81' lang='lat' dir='ltr'><strong>defecerit,</strong></span> <span class='ocrx_word' id='word_1_132' title='bbox 739 2919 881 3002; x_wconf 82' lang='lat' dir='ltr'><strong>stigmosi</strong></span> <span class='ocrx_word' id='word_1_133' title='bbox 903 2919 1135 3003; x_wconf 86' lang='lat' dir='ltr'><strong>turpissimique</strong></span> 
     </span>
     <span class='ocr_line' id='line_1_23' title="bbox 282 3069 1135 3136; baseline -0.001 -16"><span class='ocrx_word' id='word_1_134' title='bbox 282 3078 290 3112; x_wconf 86' lang='lat'>1</span> <span class='ocrx_word' id='word_1_135' title='bbox 307 3071 434 3132; x_wconf 73' lang='lat' dir='ltr'><strong>Rottoueor,</strong></span> <span class='ocrx_word' id='word_1_136' title='bbox 445 3069 588 3132; x_wconf 70' lang='lat' dir='ltr'><strong>“mamad”</strong></span> <span class='ocrx_word' id='word_1_137' title='bbox 597 3086 624 3120; x_wconf 91' lang='lat' dir='ltr'><strong>or</strong></span> <span class='ocrx_word' id='word_1_138' title='bbox 634 3073 649 3100; x_wconf 88' lang='lat'>“</span> <span class='ocrx_word' id='word_1_139' title='bbox 656 3071 736 3136; x_wconf 81' lang='lat' dir='ltr'><strong>plan.”</strong></span> <span class='ocrx_word' id='word_1_140' title='bbox 767 3073 790 3123; x_wconf 90' lang='lat' dir='ltr'><strong>lt</strong></span> <span class='ocrx_word' id='word_1_141' title='bbox 799 3087 852 3122; x_wconf 78' lang='lat' dir='ltr'><strong>was</strong></span> <span class='ocrx_word' id='word_1_142' title='bbox 862 3087 894 3122; x_wconf 89' lang='lat' dir='ltr'><strong>an</strong></span> <span class='ocrx_word' id='word_1_143' title='bbox 904 3071 1023 3122; x_wconf 82' lang='lat' dir='ltr'><strong>universal</strong></span> <span class='ocrx_word' id='word_1_144' title='bbox 1032 3078 1135 3134; x_wconf 80' lang='lat' dir='ltr'><strong>eostam,</strong></span> 
     </span>
    </p>
   </div>
   <div class='ocr_carea' id='block_1_3' title="bbox 250 3145 1190 3828">
    <p class='ocr_par' dir='ltr' id='par_1_3' title="bbox 250 3145 1190 3366">
     <span class='ocr_line' id='line_1_24' title="bbox 250 3145 1135 3214; baseline 0.003 -19"><span class='ocrx_word' id='word_1_145' title='bbox 250 3145 308 3196; x_wconf 91' lang='lat' dir='ltr'><strong>both</strong></span> <span class='ocrx_word' id='word_1_146' title='bbox 317 3146 342 3195; x_wconf 90' lang='lat' dir='ltr'><strong>in</strong></span> <span class='ocrx_word' id='word_1_147' title='bbox 352 3145 448 3196; x_wconf 81' lang='lat' dir='ltr'><strong>ancient</strong></span> <span class='ocrx_word' id='word_1_148' title='bbox 462 3145 511 3196; x_wconf 83' lang='lat' dir='ltr'><strong>and</strong></span> <span class='ocrx_word' id='word_1_149' title='bbox 526 3147 624 3198; x_wconf 80' lang='lat' dir='ltr'><strong>medem</strong></span> <span class='ocrx_word' id='word_1_150' title='bbox 639 3148 717 3211; x_wconf 77' lang='lat' dir='ltr'><strong>times,</strong></span> <span class='ocrx_word' id='word_1_151' title='bbox 728 3165 760 3200; x_wconf 84' lang='lat' dir='ltr'><strong>on</strong></span> <span class='ocrx_word' id='word_1_152' title='bbox 769 3147 905 3201; x_wconf 75' lang='lat' dir='ltr'><strong>thesram*</strong></span> <span class='ocrx_word' id='word_1_153' title='bbox 916 3165 949 3199; x_wconf 84' lang='lat' dir='ltr'><strong>an</strong></span> <span class='ocrx_word' id='word_1_154' title='bbox 964 3148 1077 3214; x_wconf 83' lang='lat' dir='ltr'><strong>expected</strong></span> <span class='ocrx_word' id='word_1_155' title='bbox 1092 3163 1135 3198; x_wconf 85' lang='lat' dir='ltr'><strong>en·</strong></span> 
     </span>
     <span class='ocr_line' id='line_1_25' title="bbox 250 3223 1190 3301; baseline 0.009 -30"><span class='ocrx_word' id='word_1_156' title='bbox 250 3229 387 3288; x_wconf 81' lang='lat' dir='ltr'><strong>gagemant,</strong></span> <span class='ocrx_word' id='word_1_157' title='bbox 396 3223 433 3274; x_wconf 78' lang='lat' dir='ltr'><strong>t&#39;or</strong></span> <span class='ocrx_word' id='word_1_158' title='bbox 441 3224 606 3276; x_wconf 81' lang='lat' dir='ltr'><strong>nommandars</strong></span> <span class='ocrx_word' id='word_1_159' title='bbox 615 3232 640 3276; x_wconf 92' lang='grc' dir='ltr'>ιο</span> <span class='ocrx_word' id='word_1_160' title='bbox 649 3224 749 3277; x_wconf 85' lang='lat' dir='ltr'><strong>eddrass</strong></span> <span class='ocrx_word' id='word_1_161' title='bbox 758 3225 807 3277; x_wconf 87' lang='lat' dir='ltr'><strong>end</strong></span> <span class='ocrx_word' id='word_1_162' title='bbox 815 3227 939 3294; x_wconf 77' lang='lat' dir='ltr'><strong>hnrmgua</strong></span> <span class='ocrx_word' id='word_1_163' title='bbox 948 3227 1008 3278; x_wconf 87' lang='lat' dir='ltr'><strong>their</strong></span> <span class='ocrx_word' id='word_1_164' title='bbox 1016 3225 1135 3291; x_wconf 70' lang='lat' dir='ltr'><strong>troopain</strong></span> <span class='ocrx_word' id='word_1_165' title='bbox 1188 3292 1190 3301; x_wconf 37' lang='grc' dir='ltr'>Ι</span> 
     </span>
     <span class='ocr_line' id='line_1_26' title="bbox 250 3302 767 3366; baseline 0.006 -14"><span class='ocrx_word' id='word_1_166' title='bbox 250 3302 318 3352; x_wconf 87' lang='lat' dir='ltr'><strong>order</strong></span> <span class='ocrx_word' id='word_1_167' title='bbox 327 3309 353 3352; x_wconf 87' lang='lat' dir='ltr'><strong>to</strong></span> <span class='ocrx_word' id='word_1_168' title='bbox 362 3317 420 3366; x_wconf 83' lang='lat' dir='ltr'><strong>spur</strong></span> <span class='ocrx_word' id='word_1_169' title='bbox 428 3303 492 3354; x_wconf 89' lang='lat' dir='ltr'><strong>them</strong></span> <span class='ocrx_word' id='word_1_170' title='bbox 502 3319 533 3353; x_wconf 89' lang='lat' dir='ltr'><strong>on</strong></span> <span class='ocrx_word' id='word_1_171' title='bbox 543 3309 569 3353; x_wconf 97' lang='grc' dir='ltr'>ιο</span> <span class='ocrx_word' id='word_1_172' title='bbox 578 3302 652 3354; x_wconf 86' lang='lat' dir='ltr'><strong>deeds</strong></span> <span class='ocrx_word' id='word_1_173' title='bbox 661 3304 690 3354; x_wconf 88' lang='lat' dir='ltr'><strong>ot&#39;</strong></span> <span class='ocrx_word' id='word_1_174' title='bbox 694 3304 767 3355; x_wconf 85' lang='lat' dir='ltr'><strong>valor.</strong></span> 
     </span>
    </p>

    <p class='ocr_par' dir='ltr' id='par_1_4' title="bbox 251 3379 1136 3663">
     <span class='ocr_line' id='line_1_27' title="bbox 282 3379 1136 3448; baseline 0.005 -22"><span class='ocrx_word' id='word_1_175' title='bbox 282 3379 379 3428; x_wconf 71' lang='lat' dir='ltr'><strong>atussa</strong></span> <span class='ocrx_word' id='word_1_176' title='bbox 387 3379 808 3448; x_wconf 54' lang='lat' dir='ltr'><strong>genesteastdngenenlorderw</strong></span> <span class='ocrx_word' id='word_1_177' title='bbox 837 3379 1136 3445; x_wconf 69' lang='lat' dir='ltr'><strong>Tmrowordquthough</strong></span> 
     </span>
     <span class='ocr_line' id='line_1_28' title="bbox 251 3456 1135 3526; baseline 0.002 -20"><span class='ocrx_word' id='word_1_178' title='bbox 251 3456 314 3522; x_wconf 79' lang='lat' dir='ltr'><strong>good</strong></span> <span class='ocrx_word' id='word_1_179' title='bbox 324 3456 405 3520; x_wconf 82' lang='lat' dir='ltr'><strong>Latin,</strong></span> <span class='ocrx_word' id='word_1_180' title='bbox 415 3458 492 3509; x_wconf 83' lang='lat' dir='ltr'><strong>semrd</strong></span> <span class='ocrx_word' id='word_1_181' title='bbox 501 3459 580 3509; x_wconf 78' lang='lat' dir='ltr'><strong>rather</strong></span> <span class='ocrx_word' id='word_1_182' title='bbox 589 3460 712 3526; x_wconf 73' lang='lat' dir='ltr'><strong>nungely</strong></span> <span class='ocrx_word' id='word_1_183' title='bbox 721 3467 747 3510; x_wconf 90' lang='grc' dir='ltr'>ιο</span> <span class='ocrx_word' id='word_1_184' title='bbox 756 3477 772 3510; x_wconf 82' lang='lat' dir='ltr'><strong>a</strong></span> <span class='ocrx_word' id='word_1_185' title='bbox 780 3459 866 3511; x_wconf 79' lang='lat' dir='ltr'><strong>oleario</strong></span> <span class='ocrx_word' id='word_1_186' title='bbox 875 3476 923 3523; x_wconf 85' lang='lat' dir='ltr'><strong>aar,</strong></span> <span class='ocrx_word' id='word_1_187' title='bbox 932 3457 959 3509; x_wconf 90' lang='lat' dir='ltr'><strong>in</strong></span> <span class='ocrx_word' id='word_1_188' title='bbox 969 3471 1135 3524; x_wconf 75' lang='lat' dir='ltr'><strong>consequenda</strong></span> 
     </span>
     <span class='ocr_line' id='line_1_29' title="bbox 252 3533 1136 3603; baseline 0.002 -20"><span class='ocrx_word' id='word_1_189' title='bbox 252 3533 281 3584; x_wconf 84' lang='lat' dir='ltr'><strong>oi</strong></span> <span class='ocrx_word' id='word_1_190' title='bbox 291 3533 331 3584; x_wconf 82' lang='lat' dir='ltr'><strong>the</strong></span> <span class='ocrx_word' id='word_1_191' title='bbox 341 3533 503 3602; x_wconf 76' lang='lat' dir='ltr'><strong>infrequenoy,</strong></span> <span class='ocrx_word' id='word_1_192' title='bbox 512 3551 546 3600; x_wconf 92' lang='lat' dir='ltr'><strong>or,</strong></span> <span class='ocrx_word' id='word_1_193' title='bbox 556 3537 641 3600; x_wconf 83' lang='lat' dir='ltr'><strong>rather,</strong></span> <span class='ocrx_word' id='word_1_194' title='bbox 652 3538 709 3589; x_wconf 77' lang='lat' dir='ltr'><strong>total</strong></span> <span class='ocrx_word' id='word_1_195' title='bbox 719 3539 830 3603; x_wconf 76' lang='lat' dir='ltr'><strong>abranae,</strong></span> <span class='ocrx_word' id='word_1_196' title='bbox 837 3537 866 3590; x_wconf 85' lang='lat' dir='ltr'><strong>of</strong></span> <span class='ocrx_word' id='word_1_197' title='bbox 870 3537 931 3588; x_wconf 86' lang='lat' dir='ltr'><strong>suob</strong></span> <span class='ocrx_word' id='word_1_198' title='bbox 940 3551 972 3586; x_wconf 84' lang='lat' dir='ltr'><strong>an</strong></span> <span class='ocrx_word' id='word_1_199' title='bbox 980 3535 1034 3585; x_wconf 85' lang='lat' dir='ltr'><strong>idea</strong></span> <span class='ocrx_word' id='word_1_200' title='bbox 1045 3549 1136 3602; x_wconf 77' lang='lat' dir='ltr'><strong>among</strong></span> 
     </span>
     <span class='ocr_line' id='line_1_30' title="bbox 251 3611 416 3663; baseline 0.012 -2"><span class='ocrx_word' id='word_1_201' title='bbox 251 3612 292 3662; x_wconf 89' lang='lat' dir='ltr'><strong>the</strong></span> <span class='ocrx_word' id='word_1_202' title='bbox 302 3611 416 3663; x_wconf 80' lang='lat' dir='ltr'><strong>ancientr.</strong></span> 
     </span>
    </p>

    <p class='ocr_par' dir='ltr' id='par_1_5' title="bbox 251 3689 1135 3828">
     <span class='ocr_line' id='line_1_31' title="bbox 282 3689 1135 3762; baseline 0.007 -24"><span class='ocrx_word' id='word_1_203' title='bbox 282 3697 294 3734; x_wconf 79' lang='grc' dir='ltr'>ι</span> <span class='ocrx_word' id='word_1_204' title='bbox 313 3690 408 3752; x_wconf 78' lang='lat' dir='ltr'><strong>Virtute,</strong></span> <span class='ocrx_word' id='word_1_205' title='bbox 424 3693 573 3755; x_wconf 75' lang='lat' dir='ltr'><strong>“oourage,”</strong></span> <span class='ocrx_word' id='word_1_206' title='bbox 585 3691 658 3756; x_wconf 74' lang='lat' dir='ltr'><strong>valor,</strong></span> <span class='ocrx_word' id='word_1_207' title='bbox 673 3709 701 3744; x_wconf 93' lang='lat' dir='ltr'><strong>or</strong></span> <span class='ocrx_word' id='word_1_208' title='bbox 715 3693 819 3762; x_wconf 76' lang='lat' dir='ltr'><strong>military</strong></span> <span class='ocrx_word' id='word_1_209' title='bbox 833 3705 954 3761; x_wconf 59' lang='grc' dir='ltr'><strong>μισηθείς</strong></span> <span class='ocrx_word' id='word_1_210' title='bbox 971 3689 1048 3758; x_wconf 78' lang='lat' dir='ltr'><strong>rarely</strong></span> <span class='ocrx_word' id='word_1_211' title='bbox 1062 3696 1089 3744; x_wconf 88' lang='grc' dir='ltr'>ιο</span> <span class='ocrx_word' id='word_1_212' title='bbox 1103 3691 1135 3744; x_wconf 77' lang='lat' dir='ltr'><strong>bo</strong></span> 
     </span>
     <span class='ocr_line' id='line_1_32' title="bbox 251 3767 753 3828; baseline 0.01 -10"><span class='ocrx_word' id='word_1_213' title='bbox 251 3767 325 3818; x_wconf 80' lang='lat' dir='ltr'><strong>taken</strong></span> <span class='ocrx_word' id='word_1_214' title='bbox 334 3767 360 3818; x_wconf 90' lang='lat' dir='ltr'><strong>in</strong></span> <span class='ocrx_word' id='word_1_215' title='bbox 369 3769 464 3818; x_wconf 70' lang='lat' dir='ltr'><strong>omani</strong></span> <span class='ocrx_word' id='word_1_216' title='bbox 472 3783 544 3828; x_wconf 69' lang='lat' dir='ltr'><strong>aaut,</strong></span> <span class='ocrx_word' id='word_1_217' title='bbox 554 3767 579 3817; x_wconf 90' lang='lat' dir='ltr'><strong>in</strong></span> <span class='ocrx_word' id='word_1_218' title='bbox 588 3769 635 3819; x_wconf 83' lang='lat' dir='ltr'><strong>this</strong></span> <span class='ocrx_word' id='word_1_219' title='bbox 644 3771 721 3823; x_wconf 74' lang='lat' dir='ltr'><strong>work.</strong></span> <span class='ocrx_word' id='word_1_220' title='bbox 744 3787 753 3804; x_wconf 90' lang='lat'><strong>·</strong></span> 
     </span>
    </p>
   </div>
   <div class='ocr_carea' id='block_1_4' title="bbox 282 3843 644 3914">
    <p class='ocr_par' dir='ltr' id='par_1_6' title="bbox 282 3843 644 3914">
     <span class='ocr_line' id='line_1_33' title="bbox 282 3843 644 3914; baseline 0.014 -22"><span class='ocrx_word' id='word_1_221' title='bbox 282 3843 644 3914; x_wconf 54' lang='lat' dir='ltr'><strong>suffimenstamoraldntyt‘</strong></span> 
     </span>
    </p>
   </div>
   <div class='ocr_carea' id='block_1_5' title="bbox 0 0 1432 4692">
    <p class='ocr_par' dir='ltr' id='par_1_7' title="bbox 0 0 1432 4692">
     <span class='ocr_line' id='line_1_34' title="bbox 0 0 1432 4692; baseline 0 0"><span class='ocrx_word' id='word_1_222' title='bbox 0 0 1432 4692; x_wconf 95' lang='lat' dir='ltr'><strong> </strong></span> 
     </span>
    </p>
   </div>
  </div>
 </body>
</html>
