2834 4692
288 501 330 566 tt
546 515 799 562 wsssnvcrorvrr
823 514 911 561 vrrs.

332 664 457 730 lnscius
468 683 543 729 cum
557 662 643 727 ludis
655 661 819 747 pugnandi
830 659 1056 740 Braddoclrius,
1067 683 1127 727 nec
1139 666 1173 728 ln

287 777 394 841 hostes
410 776 509 854 irruit,
521 797 581 839 nec
594 774 710 861 pedem
722 781 804 840 retro
815 775 900 852 tulit,
910 773 966 838 sed
979 775 1084 860 copias
1094 757 1175 840 luas

287 889 455 975 improviso
470 889 591 974 impetu
606 887 762 973 disjectas,
771 887 851 966 loco,
861 887 949 953 unde
961 887 1100 951 hostiurn
1109 889 1175 952 vim

287 1003 424 1088 primam
435 1003 661 1080 ustinuerant,
668 1000 836 1065 consistere
843 1001 953 1086 jussit:
966 1001 1069 1080 nudi‚¹
1078 1002 1175 1080 enim,

285 1115 321 1178 in
335 1116 474 1179 munitos
490 1116 649 1180 arboribus
665 1115 833 1198 crebroque
851 1114 962 1177 frutice
978 1115 1174 1198 pugnabant.

287 1227 492 1292 Proemonitus
507 1227 710 1314 periculum,n
724 1227 776 1290 cui
792 1226 898 1312 copias
910 1238 1068 1312 caputque
1081 1248 1176 1292 suum

286 1340 472 1424 objectabat,
493 1339 623 1403 milites
649 1339 865 1424 provinciales,
895 1359 969 1403 suos
1001 1340 1178 1425 praecederc

286 1453 423 1531 nolebat,
454 1464 492 1516 ut
521 1452 630 1534 sylvas
662 1447 853 1533 insidiasque
883 1451 1092 1536 explorarent,
1122 1452 1179 1518 sed

288 1567 457 1630 consilium
472 1576 541 1627 tam
555 1563 695 1627 salutare
709 1562 826 1646 sprevit
834 1583 843 1640 ;
859 1565 1063 1646 quamobrem
1077 1576 1178 1630 teme-

287 1677 388 1739 ritatis
403 1696 516 1762 peenas
531 1684 630 1738 morte
645 1673 764 1739 luebat.

330 1786 390 1855 Per
419 1799 481 1851 tres
506 1787 600 1851 horas
623 1797 813 1872 pugnatum,
836 1809 901 1872 quo
921 1788 955 1852 in
977 1791 1087 1874 spatio,
1113 1789 1180 1856 dux

288 1914 350 1966 trec
380 1922 487 1985 equos,
512 1901 625 1984 quibus
642 1898 814 1979 lucidabat,
843 1901 961 1981 amisit,
987 1887 1180 1987 tandenrquo

287 2003 407 2081 vulnus
420 2013 553 2099 accepit,
571 2011 655 2097 quod
669 2013 704 2077 in
721 2013 886 2093 Dunbarii,
900 2015 1016 2079 tribuni
1029 2017 1178 2097 militum,

288 2131 408 2208 castris,
436 2129 510 2195 ,vitae
547 2127 671 2191 exitum
707 2127 1042 2195 attulit-Vulnerato
1078 2131 1179 2196 Brad-

288 2243 412 2318 dockio,
428 2241 524 2324 copiae
539 2241 573 2302 in
594 2241 702 2325 partcs'
713 2260 823 2319 omnes
838 2241 1004 2325 diffugere,
1020 2265 1079 2307 nec
1103 2247 1179 2308 ante

289 2355 374 2418 acies
389 2352 558 2416 instaurari
572 2355 704 2436 poterat,
714 2355 813 2436 quam
828 2351 1102 2436 Monongahclam
1116 2365 1179 2418 tra·

293 2469 446 2551 jecerant.
493 2463 563 2528 Indi
589 2465 694 2549 praedb
717 2465 834 2543 allecti,
850 2463 939 2528 haud
962 2465 1074 2529 acriter
1097 2467 1179 2530 inse-

291 2580 357 2643 cuti
379 2589 464 2645 sunt.
509 2577 591 2641 Victi
606 2580 749 2642 veterani
765 2599 832 2642 sese
848 2574 890 2639 ad
905 2588 1010 2640 castra
1029 2575 1180 2662 Dunlapil

291 2694 357 2757 cito
373 2702 566 2776 receperunt,
582 2690 687 2776 ibique
702 2689 943 2776 impedimentis,
960 2710 1094 2773 quorum
1116 2711 1181 2756 non

291 2805 489 2888 indigebant,
503 2805 623 2884 deletis,
640 2801 899 2887 Philadelphiam
913 2804 1043 2886 profecti
1058 2814 1142 2867 sunt.

322 3017 332 3050 1
348 3010 424 3060 curta
455 3007 546 3074 Bytbis
554 3005 668 3072 adjective
675 3021 713 3054 we
720 3004 876 3067 understand,
886 3007 902 3035 ‘⁴
909 3005 1074 3074 unguarded,”
1082 3023 1109 3058 or
1118 3011 1180 3059 “ex-

292 3086 389 3151 posed.”

322 3171 334 3208 a
349 3164 490 3213 Periculum.
522 3158 703 3211 Grammaticus
720 3175 803 3210 assuta
818 3177 848 3210 os
863 3160 914 3210 tint
929 3161 1000 3211 those
1008 3149 1078 3212 verbs
1093 3163 1180 3226 which,

292 3243 317 3291 in
333 3241 372 3292 the
387 3240 463 3289 active
472 3237 546 3299 voice,
557 3252 646 3302 gcvern
656 3243 705 3288 two
720 3253 797 3300 cases,
807 3238 882 3288 retain
898 3238 939 3288 the
955 3239 1025 3289 lattsr
1036 3255 1093 3290 case
1103 3229 1131 3290 in
1140 3241 1181 3292 the

293 3319 394 3385 passive.
425 3316 482 3377 But,
493 3331 522 3364 as
536 3331 568 3364 no
577 3316 634 3364 verb
644 3330 691 3364 can
701 3332 790 3380 govsrn
806 3325 855 3365 two
868 3316 1016 3366 accusatives
1026 3325 1052 3368 at
1060 3317 1101 3366 the
1113 3334 1181 3369 sarna

294 3398 357 3459 lime,
368 3411 406 3445 we
415 3400 481 3443 must
491 3392 579 3457 supply
589 3408 604 3440 a
614 3392 757 3457 preposition
773 3399 798 3442 to
813 3393 854 3442 the
869 3393 1004 3442 accusative
1013 3394 1043 3443 of
1054 3395 1094 3444 the
1104 3395 1179 3460 thing.

294 3474 360 3524 Such
370 3468 545 3523 constructione
553 3484 593 3518 aro
599 3485 662 3520 mere
672 3469 827 3540 Hellenisms,
833 3486 860 3521 cr
866 3468 996 3520 imitatione
1002 3469 1030 3520 os
1035 3471 1074 3522 tbe
1081 3472 1177 3522 Greek:

295 3551 357 3612 thus,
367 3550 393 3600 in
408 3549 449 3598 tlre
466 3554 578 3598 sentence
587 3545 666 3599 before
676 3563 713 3610 us,
721 3550 872 3611 premonitur
883 3547 1035 3612 (secundum,
1044 3563 1072 3600 cr
1086 3547 1179 3617 quood)

296 3628 427 3691 pateam
439 3628 453 3655 “
459 3623 607 3678 forewarned
616 3639 643 3675 as
653 3631 758 3692 respecta
767 3625 808 3678 the
818 3624 931 3694 (longor.n
