2824 4670
495 507 747 556 manruoronu
772 508 860 556 vus.
1061 491 1121 555 tor
1214 531 1231 576 ‚⁴

236 655 411 722 admodum
424 665 503 733 erat,
518 655 627 720 mortis
638 654 829 739 periculique
843 661 967 719 metum
982 663 1122 722 oontem-

234 790 324 847 uem,
339 769 478 832 moribus
501 768 614 852 pravis,
630 767 833 851 irreligiosus,
848 788 909 832 neo
927 767 1046 846 Deum,
1061 787 1123 830 neo

235 882 381 948 homines
418 881 560 948 multum
597 901 724 959 oureus,
753 881 907 945 libertatis
936 897 1123 964 quanquam

236 994 485 1060 amantissimus.
574 1080 577 1088 ¹
924 1058 926 1064 ,

280 1109 340 1174 Per
369 1109 468 1172 unius
496 1109 633 1192 spatium
662 1109 751 1186 anni,
781 1108 953 1193 imperium
986 1107 1126 1172 militare

236 1219 430 1306 deponerea
451 1221 580 1286 oonsilio
602 1221 731 1286 militari
750 1222 929 1306 jubebatur.
976 1220 1083 1299 Multi,
1098 1221 1126 1284 si

231 1333 332 1398 modo
354 1333 495 1398 oriminis
516 1333 628 1418 objecti
651 1356 723 1398 sons
745 1345 838 1412 esset,
855 1334 991 1399 nimium
1014 1334 1127 1398 leniter

236 1447 272 1510 in
297 1467 374 1510 eum
394 1447 543 1546 statuisse
563 1449 724 1532 praefectos
747 1447 956 1511 Americanos
976 1446 1124 1510 aiebant:

237 1559 301 1637 alii,
326 1569 444 1638 eontra,
471 1561 628 1626 insontem
655 1561 726 1638 rati,
750 1561 786 1624 in
813 1579 887 1625 eum
915 1560 1051 1626 nimiam
1065 1579 1128 1624 se·

236 1675 311 1738 vere
334 1674 485 1738 statuisse
510 1674 680 1738 consilium
705 1673 842 1738 militare
868 1671 1040 1750 dicebant3
1071 1691 1130 1736 nos

236 1805 311 1851 eam
333 1782 409 1850 rem
424 1788 458 1851 in
482 1786 586 1851 madio
610 1787 837 1870 relinquemus.
883 1787 985 1864 Talia,
1007 1795 1129 1861 tamen,

238 1895 296 1960 viri
319 1898 450 1979 jactura
475 1899 678 1963 Americanis
705 1898 945 1964 incommodum
970 1917 1128 1980 magnum

238 2006 359 2072 attulit.
538 2005 540 2009 ’

283 2119 361 2184 Hio¹
381 2121 443 2184 fuit
465 2121 524 2185 viri
547 2121 663 2199 exitus,
679 2122 736 2205 qui
754 2141 823 2186 sese
838 2122 877 2184 ob
892 2122 1030 2205 patriam
1051 2139 1133 2203 pug-

234 2232 347 2296 nando
362 2237 500 2316 persaepe
514 2234 744 2314 insigniverat:
768 2232 948 2314 prudentia,
962 2240 1084 2307 autem,
1100 2240 1134 2294 et

239 2345 417 2423 eonsilium,
442 2344 472 2407 ei
492 2343 624 2407 omnino
648 2343 828 2406 defuerunt.
875 2341 990 2406 Utrum
1010 2341 1133 2428 reipub-

238 2457 308 2522 lioae
323 2447 525 2523 Americanoe
539 2457 766 2520 benefacturos
782 2466 875 2533 esset,
891 2455 918 2518 si
934 2454 1022 2540 apud
1043 2475 1133 2520 exer.

240 2571 352 2648 eitum,
366 2589 443 2634 oum
466 2569 606 2653 imperio,
621 2569 803 2646 mansisset,
821 2567 947 2632 difficile
960 2567 1061 2639 dictu,
1073 2578 1132 2633 est.

240 2683 276 2748 Si
290 2682 412 2748 invidia
423 2681 513 2746 haud
525 2683 703 2764 flagrasset,
714 2702 791 2744 eum
801 2681 836 2744 in
849 2681 956 2746 hostes
966 2681 1135 2747 fortissime

241 2795 467 2862 dinrioaturum
490 2796 622 2859 omnino
644 2794 815 2859 verisimile
840 2805 910 2874 est;
935 2795 1022 2880 apud
1044 2815 1135 2860 exer·

242 2911 345 2974 eitum
366 2909 611 2984 Americanum
634 2908 855 2992 imperatorem
877 2929 1043 2972 summum
1065 2928 1136 2972 sese

242 3022 308 3084 fieri
331 3020 500 3104 cupiebat;
524 3019 812 3102 Washingtonium
835 3021 894 3084 sibi
917 3022 1049 3099 obstare,
1072 3040 1135 3102 quo

242 3133 350 3198 minus
372 3132 495 3217 imperii
510 3132 629 3196 summi
643 3133 802 3218 potiretur,
818 3134 977 3219 perspexit
990 3156 999 3212 ;
1024 3133 1135 3216 quare²

244 3245 451 3329 turpitudinis
474 3249 551 3310 nota
573 3246 669 3324 inuri,
686 3267 785 3329 quam
799 3267 854 3330 pro
869 3247 983 3332 patrii,
999 3257 1058 3308 aut
1081 3265 1135 3330 pro

244 3357 483 3441 Wash'mgtonii
501 3358 603 3442 gloria
618 3371 748 3438 certare,
766 3360 916 3423 malebat.
964 3358 1070 3436 Multi,
1086 3368 1136 3421 te·

276 3532 286 3567 1
302 3527 358 3588 Hic,
369 3529 420 3588 oe,
431 3524 499 3575 “this
513 3541 565 3575 was
574 3527 616 3577 the
625 3527 671 3576 end
681 3527 710 3578 of
720 3544 735 3577 a
745 3543 804 3577 man
813 3527 870 3576 who
879 3525 926 3576 had
940 3541 999 3590 very
1008 3523 1073 3576 osten
1088 3523 1136 3574 dis-

245 3601 383 3668 tinguished
393 3601 493 3652 himself
503 3601 528 3651 in
538 3603 642 3670 fighting
650 3604 685 3654 for
693 3605 732 3654 his
742 3601 866 3670 country.”

277 3687 289 3723 ι
306 3681 392 3740 Quare,
410 3679 670 3744 oc.,“whe1esore,he
686 3682 767 3733 would
781 3681 862 3731 rather
877 3681 908 3729 be
922 3678 1030 3729 branded
1046 3677 1105 3730 with
1120 3695 1137 3729 a

246 3756 318 3809 marli
333 3755 361 3807 os
371 3754 487 3820 disgraee,
502 3756 562 3808 then
576 3758 637 3825 light
650 3759 687 3809 for
700 3759 739 3808 his
753 3763 863 3822 country,
878 3771 906 3809 or
922 3756 957 3810 lor
970 3757 1010 3809 the
1024 3757 1093 3824 glory
1102 3756 1137 3825 ¹oi

248 3832 437 3903 Wasbtngtom
