2824 4670
321 439 385 504 leo
579 459 830 506 wnsnrneroun
854 461 943 506 vrri.

317 623 429 666 omnes
449 605 514 669 fere
529 607 666 683 novere;
691 616 724 668 et
739 606 867 688 quidde
882 607 927 669 eis
942 606 1066 683 sentiet,
1083 603 1199 688 quidve

318 715 515 800 potissimum
543 716 654 780 laudet
681 718 827 803 culpetve
854 720 992 803 Scriptor
1019 719 1091 784 vitae
1119 718 1199 803 ejus,

318 827 427 892 lectori
441 828 592 892 benevolo
607 829 844 913 explicandum.

362 940 433 1018 Ubi,
456 941 550 1018 enim,
572 941 664 1026 pluro
685 943 719 1006 in
741 943 978 1028 Waohingtonii
999 943 1066 1008 vite
1087 943 1200 1018 nitent,

318 1053 454 1116 meoulie
477 1054 597 1137 paucist,
621 1055 718 1136 siquae
742 1056 890 1134 existant,
915 1055 1028 1118 offendi
1050 1051 1201 1118 lectorem

318 1185 383 1228 non
397 1177 526 1249 oportet.
572 1167 700 1232 Munia¹
715 1169 828 1245 multo,
844 1179 911 1232 tam
928 1168 1087 1245 militarie,
1104 1170 1203 1250 quem

318 1278 433 1355 civilia,
458 1289 542 1356 ente,
566 1279 800 1361 etiam,'quem
830 1280 951 1344 bellum
975 1281 1203 1346 Amerieenum

318 1401 462 1475 eoeptum
477 1402 554 1468 eret,
571 1395 701 1454 summe
716 1412 789 1454 eum
803 1392 901 1456 laude
917 1393 1015 1456 obivit
1029 1391 1203 1474 Weshing-

318 1504 427 1566 tonius
438 1525 446 1580 ;
465 1503 571 1567 Herde
583 1497 688 1566 nostro
701 1524 778 1566 usus
790 1515 838 1566 est
850 1503 972 1586 legeto⁹
985 1503 1203 1570 Broddoekiue

318 1615 517 1691 fortissimus,
532 1614 670 1676 infausto
685 1614 738 1676 illo
752 1609 867 1698 proelio,
880 1636 944 1698 quo
958 1616 1025 1681 dux
1035 1616 1105 1699 ipse
1121 1615 1203 1688 oeci-2

318 1726 375 1803 dit,
393 1746 524 1808 parsque
539 1726 696 1790 exereitus
718 1728 863 1792 maxime
883 1749 985 1806 oaesa3
1009 1728 1140 1810 relique,
1156 1737 1206 1790 te-

318 1858 404 1916 men,
415 1857 498 1922 pers,
506 1838 742 1920 Weshingtonii
755 1840 933 1924 vigilantia,
941 1840 1120 1925 prudentie,
1128 1860 1205 1904 oon·

319 1951 398 2028 uilio,
424 1961 457 2018 et
480 1952 611 2030 virtute,
624 1953 761 2019 tandem
788 1951 951 2037 egerrime
974 1955 1034 2018 fuit
1059 1964 1202 2026 servate:

319 2063 422 2148 quod⁸
443 2065 470 2128 si
485 2065 723 2148 Weshingtonii
739 2067 867 2132 ooneiiio
888 2066 1105 2135 Breddoekius
1128 2086 1206 2140 usus

316 2179 423 2255 fuerit,
440 2178 563 2243 cladem
579 2190 713 2256 tentem,
726 2179 937 2262 profectudie
951 2180 1021 2257 isto,
1034 2201 1098 2244 non
1113 2199 1206 2242 aece-

320 2291 415 2376 piseet
430 2291 587 2354 exereitus
602 2291 816 2377 Britannicus.

366 2403 476 2492 Quum
499 2401 618 2464 bellum
642 2413 795 2484 apertum·
812 2421 886 2464 oum
912 2401 1074 2472 Britannis
1098 2419 1206 2483 gerere

320 2499 509 2578 neoeesitete
540 2511 611 2576 dire
641 2521 829 2594 cogerentur
857 2511 1063 2588 Amerieeni,
1079 2533 1207 2578 summo

321 2647 477 2692 consensu
492 2625 646 2701 omnium,
662 2643 797 2706 quorum
811 2623 963 2701 interfuit,
980 2625 1035 2707 qui
1053 2627 1207 2690 exercitui

321 2738 514 2803 Amerioeno
537 2737 829 2821 preesset-electus
849 2737 911 2800 fuit
932 2735 1205 2820 Weshingtonius.

322 2851 504 2927 Summum,
517 2851 615 2927 enim,
628 2851 788 2928 virtutem,
805 2849 983 2927 eonsilium,
996 2850 1206 2933 prudentiam,

322 2973 354 3026 et
369 2962 444 3026 belli
456 2981 553 3024 usum
565 2962 599 3024 in
614 2984 651 3026 eo
663 2983 743 3040 esse,
754 2973 969 3044 cognoverant
981 2983 1090 3026 omnes
1102 2985 1111 3041 ;
1127 2967 1207 3043 une,

323 3077 443 3158 itaque,
459 3094 547 3152 voce,
559 3075 725 3159 imperator
741 3095 887 3138 summus
902 3077 924 3138 ὲ
940 3074 1119 3158 congressu
1134 3096 1208 3140 oon·

323 3191 454 3253 stitutus
466 3189 536 3251 fuit.

355 3323 363 3356 1
380 3316 473 3374 Minio,
484 3316 500 3342 “
507 3311 672 3376 Weeitington
683 3312 898 3376 personnedmuny
906 3311 996 3373 officee,
1004 3315 1032 3360 et
1043 3312 1097 3360 weil
1107 3312 1208 3376 military

324 3407 353 3452 ee
363 3391 424 3452 civil,
435 3405 495 3441 even
505 3387 584 3438 before
593 3389 633 3438 the
643 3388 772 3438 American
782 3403 834 3438 war
843 3404 895 3437 wes
905 3389 993 3453 begun,
1001 3388 1059 3438 with
1069 3390 1109 3439 the
1119 3395 1209 3440 onnon

323 3466 538 3520 commendenon.”

356 3554 367 3590 u
383 3546 476 3608 togato,
487 3546 502 3572 “
509 3559 536 3594 es
546 3542 633 3592 second
643 3541 668 3590 in
679 3541 806 3610 command
813 3545 836 3603 ;”
851 3539 887 3592 sor
896 3542 925 3590 he
935 3557 987 3590 was
997 3541 1034 3591 his
1045 3541 1090 3591 oid.

346 3623 367 3665 'a
384 3623 459 3682 Qudd,
472 3624 521 3682 dfe,
533 3621 596 3668 “but
604 3617 626 3668 it
635 3611 762 3669 Breddoek
772 3617 820 3666 hed
827 3617 935 3670 followed
945 3619 985 3668 the
994 3617 1206 3668 eduoeoswosh-

323 3701 416 3765 ington,
427 3699 466 3748 the
481 3697 568 3748 British
584 3693 735 3746 detuchment
748 3695 828 3748 would
843 3701 892 3757 not,
908 3695 1002 3758 indeed,
1017 3696 1078 3746 heve
1093 3693 1206 3756 received,

325 3793 358 3827 ou
368 3759 420 3827 thet
429 3776 485 3840 dey,
498 3775 549 3837 (oth
559 3774 575 3826 J
577 3773 625 3840 uly,
637 3775 716 3838 iden)
728 3789 755 3822 so
765 3780 857 3838 grente
869 3773 1051 3822 dioeommue’·
