2834 4692
333 439 375 504 46
591 447 843 500 waenrucrcurr
866 452 954 498 vrrs.

335 621 418 668 cana
441 599 810 666 imminuentem-Sub
833 597 910 662 Julii
934 595 1054 661 mensis
1078 595 1216 673 initium,

334 712 601 795 Waehingtonius
609 712 848 794 cantabrigiam
859 711 946 795 apud
956 711 1139 794 Novanglos
1148 729 1219 796 pro·

335 827 437 890 fectus
459 835 518 903 est,
541 835 579 889 ut
599 825 754 890 exercitus
774 824 959 889 Americani
981 824 1149 909 imperium
1164 843 1219 887 ca-

335 948 481 1024 passeret.

380 1051 520 1116 Consilia
530 1048 752 1114 PublicaNovi
763 1047 908 1126 Eboraci,
920 1049 1220 1127 etMassachusetts,

336 1161 366 1225 ei
377 1160 416 1226 de
429 1162 558 1246 imperio
569 1160 820 1244 gratulabantur.
870 1161 1222 1224 Oumadoastracan-

337 1274 538 1357 tabrigiensia
560 1270 765 1356 pervenisset,
790 1291 917 1334 summo
945 1272 1072 1355 gaudio,
1096 1271 1223 1336 letitia·-

336 1407 409 1469 que,
425 1388 466 1449 ab
480 1385 622 1449 exercitu
636 1393 792 1467 receptus.
841 1383 958 1468 Copias
977 1385 1081 1468 regias
1093 1384 1128 1448 in
1143 1385 1223 1448 colle

336 1498 499 1563 Bunkerio
516 1495 704 1573 consedisse,
720 1495 883 1578 tribusque
905 1497 1154 1584 propugnaculis
1174 1497 1224 1560 in·
1263 1539 1266 1548 ·

337 1610 522 1674 natantibus
544 1607 697 1685 munitas,
712 1606 869 1670 colonicas
883 1628 957 1672 vero
972 1608 1103 1672 collibus
1125 1608 1224 1672 trihus

338 1719 463 1784 vallum
490 1711 708 1803 aggeremque
737 1718 930 1804 praeduxisse
959 1719 1090 1786 invenit.
1137 1720 1224 1784 Cum

338 1832 434 1918 copia
457 1832 603 1898 colonica
626 1832 718 1897 solito
741 1832 923 1915 agrestique
946 1833 1064 1896 vestitu
1086 1819 1128 1896 ad
1154 1853 1225 1897 ces-

337 1957 388 2010 tra
410 1945 625 2024 accessissent,
642 1943 811 2028 chlamyde
826 1945 987 2023 venaticb,
1002 1945 1225 2030 aequabilitatis

338 2061 448 2137 causa,
464 2079 518 2122 eas
532 2057 624 2123 indui
634 2057 740 2150 jussit.
785 2056 1049 2140 Washingtonius
1065 2075 1225 2139 magnum

338 2171 509 2236 hominum
531 2189 704 2236 numerum
717 2170 838 2234 ratione
853 2169 1003 2234 castrensi
1025 2169 1114 2234 male
1135 2169 1226 2233 insti·

339 2291 459 2358 tutum,
469 2281 565 2344 armis
576 2280 714 2362 bellique
725 2290 879 2364 apparatu
891 2280 981 2344 haud
995 2282 1077 2344 hene
1091 2280 1224 2344 instruc-

340 2391 590 2476 tum,coinperit.
626 2382 791 2472 Paterae,
802 2391 1026 2453 machinarum
1036 2390 1227 2454 bellicarum

340 2505 485 2582 artifices,
500 2504 777 2584 instrumentaque
797 2502 1021 2586 cujuscunque
1042 2503 1164 2585 generis
1186 2503 1228 2567 ad

341 2615 583 2703 propugnacula
592 2614 750 2693 facienda,
761 2614 823 2678 illis
832 2613 1014 2679 defuerunt.
1049 2613 1226 2694 Exercitus,

342 2735 444 2814 porro,
460 2748 501 2791 ex
515 2739 584 2792 tam
598 2728 695 2792 variis
710 2728 844 2792 ducibus
858 2727 1087 2812 provinciisque
1102 2748 1228 2813 compo-

343 2839 483 2918 situs,ad
493 2838 869 2924 disciplinammiliterem
877 2839 1038 2923 egerrime
1048 2839 1226 2906 traductus.

344 2954 452 3020 Duces
474 2952 622 3030 audaces,
641 2953 833 3016 hostilitatis¹
847 2953 947 3030 initio,
965 2972 1034 3018 sese
1056 2953 1228 3036 insignive-

342 3076 424 3143 rant,
438 3063 684 3148 deductoresque
694 3065 751 3128 sibi
761 3064 841 3128 adeo
852 3065 1015 3131 obnoxios²
1029 3067 1179 3143 fecerant,
1190 3077 1229 3129 ut

344 3180 366 3243 a
380 3177 541 3262 prefectis,
555 3176 617 3241 nisi
630 3199 688 3241 suo
701 3177 840 3262 ipsorum
855 3176 962 3241 electu
978 3177 1139 3242 constituti
1157 3180 1228 3241 fue·

344 3290 416 3367 snt,
431 3289 525 3372 dirigi
539 3288 698 3354 nolebant.
829 3267 830 3274 ‘

377 3514 386 3547 ¹
402 3505 557 3555 Hostilitatt'e:
574 3504 699 3571 “hostility
707 3508 731 3569 ;’'
743 3505 869 3568 thisnoun,
876 3505 991 3572 although
997 3505 1060 3572 good
1069 3505 1177 3568 Latinis
1186 3511 1229 3555 not

346 3582 406 3634 used
421 3584 454 3648 by
463 3598 512 3647 any
521 3581 613 3644 classic,
623 3589 649 3631 to
657 3598 699 3648 my
709 3582 863 3646 recollectiou,
874 3582 931 3633 with
943 3583 984 3634 the
999 3583 1121 3648 exception
1130 3581 1159 3631 oi
1170 3582 1227 3629 Sea-

348 3676 402 3710 ecc:
413 3660 485 3725 being
490 3659 585 3709 derived
595 3659 655 3708 hom
662 3661 738 3721 hostie,
746 3659 824 3709 which
833 3660 952 3727 endendy
959 3653 1075 3728 signihed,
1082 3659 1227 3724 asoret'gmr.

378 3744 390 3781 t
408 3738 525 3801 obluctor,
536 3740 551 3766 ‘⁴
558 3736 667 3788 aneched
677 3744 702 3788 to
711 3737 771 3788 their
780 3742 901 3804 persons.”
