2840 4684
494 475 744 526 ursnrnerorur
768 477 855 524 vrri.
1071 459 1113 522 89

238 636 294 690 est.
340 625 603 690 Americanorum
618 623 702 688 acics
714 621 813 707 prima
824 619 965 686 recedere
980 621 1114 703 cogeba-

238 749 299 816 tur,
320 748 474 815 attamen,
496 737 700 819 insequentes
722 735 829 798 hostes
850 732 953 798 rivulo
975 733 1115 817 quodam

239 849 460 932 tormentisque
475 848 646 925 nonnullis,
662 849 684 914 a
698 846 825 931 longius
838 845 1040 933 procedendo,
1056 846 1116 910 im·

238 961 450 1046 pcdicbantur.

282 1074 345 1150 Sic,
360 1073 519 1137 exercitus
532 1073 605 1150 duo,
620 1073 653 1136 in
667 1073 779 1156 quibus
793 1093 864 1156 spes
885 1092 1020 1156 opesque
1041 1072 1118 1134 utri-

238 1205 339 1269 usque
351 1187 459 1271 populi
469 1197 559 1249 erant
569 1187 644 1263 sita,
651 1184 797 1270 oppidulo
807 1183 954 1268 quodam,
961 1205 1117 1268 parvoque

239 1299 352 1378 rivulo,
365 1299 421 1383 qui
431 1299 529 1377 vadis,
540 1299 700 1362 nonnullis
710 1299 744 1362 in
754 1298 841 1376 locis,
852 1298 975 1362 transiri
987 1309 1117 1382 poterat,

240 1411 400 1476 duntaxat
422 1411 656 1495 separabantur.
702 1411 880 1490 Exercitus,
902 1409 1119 1487 interim,Bri-

239 1524 397 1600 tannicus,
413 1524 452 1586 ab
467 1545 558 1608 opere
572 1524 716 1600 cessavit,
732 1536 764 1586 et
779 1523 821 1587 ad
840 1520 1119 1606 redintegrandum

238 1636 381 1721 pralium
393 1647 533 1721 putatne,
547 1636 783 1721 expeditusque,
799 1637 911 1701 stabat.

283 1749 555 1832 Washingtonius,
571 1749 701 1826 interea,
716 1748 879 1812 occasione
903 1761 1007 1824 utens,
1022 1747 1121 1830 impe-

240 1859 396 1924 dimenta¹
412 1861 496 1924 elam
519 1861 643 1937 auferri,
659 1862 809 1942 ignesque
831 1861 961 1937 crebros,
974 1861 1030 1943 qui
1051 1880 1121 1942 spe·

242 1971 322 2032 ciem
336 1971 489 2033 manendi
502 1971 644 2032 hostibus
661 1971 841 2053 praeberent,
858 1970 988 2034 accendi
1006 1971 1119 2053 jussit;

242 2092 275 2144 et
296 2081 489 2164 intempeste
510 2090 602 2144 nocte
616 2081 791 2143 exercitum
812 2079 971 2156 subduxit,
986 2099 1121 2162 magno-

236 2208 298 2269 que
322 2185 436 2250 itinere
457 2183 691 2252 Prinoctoninm
715 2184 886 2250 contendit.
918 2187 1027 2267 ,Tunc
1049 2207 1125 2271 pree·

235 2302 389 2363 sectorum
419 2299 552 2364 concilio
574 2297 704 2362 militari
730 2297 863 2377 habito,¹
885 2297 919 2362 in
949 2319 1011 2381 quo
1037 2299 1124 2384 pral-

236 2411 304 2490 iari,
321 2411 653 2497 Philadelphiamquc,
668 2411 695 2474 si
710 2411 777 2474 fieri
796 2411 906 2496 potuit,
929 2411 1123 2476 incolumem

235 2546 370 2603 servare,
381 2524 555 2603 decretum,
565 2525 798 2590 Princetoniam
813 2543 938 2590 summo
949 2545 1043 2589 mane
1056 2546 1125 2610 per·

237 2639 337 2714 venit,
354 2648 478 2722 tresque
493 2638 636 2721 legiones
651 2638 851 2701 Britannicas
865 2638 907 2702 ibi
922 2639 1040 2722 positas
1057 2659 1126 2724 pro·

237 2750 289 2814 cul
300 2751 396 2814 dubio
406 2753 625 2836 oppresserat,⁸
636 2751 671 2814 ni
683 2749 877 2835 manipulus,
890 2751 944 2834 qui
954 2751 1011 2816 iter
1024 2753 1125 2817 Treu-

238 2866 361 2928 toniam
376 2886 486 2929 versus
501 2875 579 2928 tunc
595 2865 742 2949 temporis
756 2865 904 2942 faciebat,
919 2865 1125 2930 Americanos

240 2977 448 3060 conspicatus,
474 2977 611 3040 nuncios
630 2977 684 3059 qui
708 2977 939 3042 commilitones
963 2980 1005 3042 ed
1029 2976 1070 3041 de
1092 2999 1124 3044 re

239 3089 383 3151 certiores
398 3091 549 3166 facerent,
565 3089 773 3172 pramisisset.

269 3234 278 3267 1
294 3227 465 3288 Impedimmtc,
476 3229 626 3292 “baggnge”
635 3227 664 3276 ol
674 3243 707 3276 en
716 3241 785 3293 errny
793 3247 800 3291 ς
817 3228 878 3278 from
888 3228 928 3278 the
934 3228 1009 3277 active
1015 3229 1073 3276 verb
1082 3230 1125 3275 irrr-

235 3305 309 3368 pedio,
316 3304 421 3352 because
431 3303 472 3353 the
481 3319 635 3370 conveyenoe
642 3305 670 3355 of
675 3305 787 3370 beggege
796 3303 918 3372 generally
924 3307 1012 3355 retardo
1022 3303 1125 3368 eelerity‚

238 3396 266 3431 or
281 3380 348 3445 repid
357 3389 520 3431 incremento:
539 3382 580 3432 the
589 3383 645 3432 verb
660 3382 795 3447 impedimen
808 3382 975 3448 compounded
984 3381 1012 3432 ol
1022 3380 1063 3430 the
1072 3395 1125 3446 pre·

239 3457 342 3524 position
351 3460 378 3506 ia
387 3458 437 3508 end
444 3475 493 3522 pes,
503 3475 520 3508 a
528 3458 584 3510 l'oot.

269 3543 281 3579 ¹
296 3535 468 3598 Profectomoq
481 3540 531 3598 qa,
542 3539 580 3588 “a
589 3535 692 3603 military
700 3537 794 3590 conoul
804 3537 832 3589 os
837 3537 874 3588 his
883 3537 976 3588 officere
985 3534 1058 3601 being
1067 3534 1124 3586 then

238 3611 317 3662 beld.”

269 3697 281 3732 ³
299 3691 454 3753 Opprecam,
465 3692 481 3718 “
487 3689 567 3740 would
576 3691 638 3741 bave
644 3691 752 3742 defeated
762 3691 828 3742 three
837 3690 926 3741 British
936 3688 1071 3755 regimenta,
1079 3703 1124 3741 un·

239 3761 363 3830 less,”&c
398 3769 546 3832 oppetam
555 3767 576 3817 ie
585 3767 642 3818 here
650 3777 696 3833 put
705 3770 740 3819 lor
749 3771 902 3833 oppressisset.

620 3867 706 3929 ,rra
