2824 4670
491 505 742 552 wssnruororrrr
766 505 854 552 vrrs.
1052 487 1118 552 205

234 654 320 742 apud
334 651 445 720 Gallos
460 662 607 716 exortum
620 653 669 716 sit.
695 650 821 716 Cleriei¹
837 647 962 727 Gellioi,
978 669 1038 713 neo
1052 670 1118 716 non

233 767 379 832 nobilitas
408 765 619 850 primoresque
644 765 814 849 imperium
842 762 937 826 nimis
962 783 1060 846 greve
1083 765 1119 830 in

232 880 358 964 plebem
379 899 525 942 exercere
539 887 709 963 coeperunt.
756 876 809 941 Ad
825 875 896 968 hoe,
911 876 1120 942 Amerioeno·

233 989 1025 1075 rumexemploinoitetisuntGelli,qui,libertutis
1034 991 1121 1054 boun

235 1102 323 1188 spud
342 1103 549 1167 Amerieenos
571 1102 725 1180 videntes,
748 1102 886 1165 similem
907 1102 964 1166 sibi
985 1101 1122 1166 felicite-

235 1225 301 1279 tem
330 1217 552 1298 fortunamque
587 1217 801 1301 exoptabant:
839 1215 954 1300 plures,
983 1216 1121 1301 insuper,

235 1327 323 1412 opud
342 1327 466 1405 Gallos,
484 1331 656 1413 provenere
678 1327 850 1412 scriptores,
873 1328 928 1411 qui
950 1327 1123 1392 nobilitatis

170 1457 172 1463 ·
235 1451 268 1502 et
280 1441 465 1504 elericorum
480 1440 660 1524 superbiam
675 1449 708 1503 et
723 1439 945 1504 crudelitatem
961 1439 1122 1517 insectari,

235 1563 267 1616 et
282 1553 392 1638 palem
405 1551 640 1637 reprehendere,
656 1573 720 1618 non
734 1552 968 1618 dubitaverunt.

280 1667 366 1744 Hoe,⁸
381 1666 521 1745 forsitan,
538 1684 642 1730 oeusae
661 1667 806 1745 extitere,
822 1667 937 1750 quibus
959 1665 1123 1750 impellen-

235 1779 330 1856 tibus,
343 1799 391 1842 res
404 1799 503 1843 noves
515 1790 664 1863 exoptare
679 1779 765 1844 Gelli
780 1790 953 1864 ooeperunt.
1000 1779 1123 1844 Eurum

236 1905 342 1953 rerum
367 1911 521 1954 noverrun
544 1891 674 1956 initium
700 1891 740 1954 de
758 1891 914 1968 libertate,
937 1901 970 1954 et
997 1877 1124 1974 generis

235 2002 373 2066 humani
397 2003 508 2066 amieis
533 2002 653 2085 optime
677 2002 788 2064 mereri
808 2000 974 2065 videbatur
986 2024 996 2079 3
1020 2013 1065 2079 at,
1080 2021 1123 2066 ex

235 2113 324 2178 bonis
339 2114 446 2191 initiis,
459 2125 594 2177 eventus
608 2098 736 2198 pessimi
751 2116 945 2197 provenere;
969 2114 1072 2176 eives⁸
1083 2113 1124 2176 de

237 2225 417 2311 prinoipetu
428 2227 509 2296 inter
519 2246 588 2290 sese
601 2236 738 2303 uertere;
755 2226 941 2304 interficere,
952 2226 1123 2305 trucidare,

240 2339 401 2424 jugulare,
417 2339 526 2404 omnin
539 2359 631 2402 suere
647 2339 790 2415 miseere,
805 2340 952 2418 turbere;
975 2339 1057 2404 inter
1070 2339 1125 2405 bo·

237 2473 295 2516 nos
314 2462 348 2515 et
369 2452 470 2516 melos
489 2451 670 2516 diserimen‘
686 2449 827 2528 nullum,
843 2471 953 2515 omnes
969 2453 1126 2517 honorum

238 2575 270 2627 et
284 2564 452 2648 dignitatis
468 2565 587 2647 grodus
602 2565 728 2648 penitus
743 2549 892 2628 abolere.2¹
911 2609 913 2618 .

282 2677 477 2742 Bellatorum
492 2677 649 2753 omniurn,
664 2677 719 2758 qui
734 2687 792 2739 eut
805 2677 959 2755 existunt,
975 2688 1034 2741 eut
1048 2677 1125 2742 olim

129 2790 132 2796 '
238 2791 384 2867 extitere,
401 2789 564 2874 Nepoleon
586 2789 1005 2872 Bonaporte,⁴proeuldubio,
1020 2792 1126 2855 mexi-

239 2923 313 2966 mus
337 2902 406 2966 fuit.
453 2900 696 2984 Rempuhlieam
722 2901 884 2966 Gallicam
910 2902 1068 2965 ordinavit
1094 2913 1127 2966 et

271 3064 280 3096 1
299 3056 390 3116 ctertot,
407 3053 447 3102 the
462 3053 556 3102 Freneh
573 3053 699 3118 “elergy.”
730 3053 786 3103 'I'he
798 3069 865 3104 noun
881 3055 985 3116 clerieo,
1000 3054 1029 3102 of
1043 3053 1127 3104 Greek

240 3129 377 3192 derivehon,
386 3130 409 3180 is
418 3137 462 3180 not
469 3129 530 3179 used
539 3131 572 3195 by
582 3145 627 3194 my
636 3131 709 3180 Latin
718 3132 805 3182 alneto.
833 3131 964 3192 Homeros,
974 3131 993 3180 it
1002 3145 1127 3196 expresses

240 3207 307 3258 what
315 3223 353 3257 we
366 3205 514 3257 understood
523 3206 556 3270 by
565 3206 606 3256 the
614 3213 675 3256 term
685 3207 772 3272 elergy,
782 3207 842 3258 with
851 3208 971 3258 sufficient
980 3223 1105 3272 seuereey.

270 3295 283 3330 s
297 3286 351 3347 He,
363 3289 413 3346 tto,
424 3284 513 3333 “these
526 3299 598 3347 were,
614 3285 724 3350 perhaps,
736 3286 777 3334 the
792 3301 885 3348 osuses,
901 3285 981 3335 which
995 3284 1128 3350 impelling,

240 3361 894 3426 ththenehbegnntowishmuehfornrevolution.”
1088 3425 1092 3436 Ι

271 3448 283 3483 ⁸
301 3441 375 3502 etto,
390 3442 440 3501 dee,
451 3437 512 3487 “the
531 3439 647 3504 (Freneh)
662 3439 760 3490 eitinens
771 3441 863 3504 (began,
873 3444 986 3503 oepermt
1000 3438 1073 3504 being
1082 3453 1126 3489 rur·

241 3517 362 3581 demtood)
373 3523 399 3566 to
407 3516 511 3566 oonund
521 3517 578 3568 witi
586 3518 647 3567 esch
655 3517 728 3580 other,
736 3516 872 3582 respecting
880 3516 919 3566 the
928 3515 1128 3582 pre-eurinome!

271 3593 535 3655 tenementum
549 3610 602 3644 ves
617 3609 650 3644 no
665 3593 803 3648 distindhm
818 3594 928 3643 between
943 3592 984 3642 the
999 3592 1062 3659 good
1078 3593 1127 3644 end

241 3670 312 3722 bulo„

271 3749 394 3810 emolere,
402 3751 452 3810 dfe,
461 3746 707 3813 (seiliceteoepmmt,)
720 3749 798 3814 “they
807 3748 900 3811 (hegen)
909 3745 1129 3812 utterlytosbolist

242 3824 422 3893 ehdegreesof
431 3825 519 3876 honors
529 3825 703 3891 unddignity.”
741 3851 743 3860 ι

675 3908 698 3954 R
