2840 4684
497 497 750 547 wsssiuesoun
772 497 862 540 ‘vina
1061 477 1122 542 loa

239 663 311 720 uua,
328 641 367 706 de
383 663 446 724 quo
471 641 565 706 modo
591 641 808 718 meminimus,
824 639 962 724 sperans„
976 639 1123 703 navibus¹

240 755 372 818 Gallicis
399 753 576 831 reduoibus,
603 754 805 835 hostiumque
833 753 929 836 copiis
958 752 1124 818 maritimis

241 867 297 930 aut
314 868 422 951 eaptis,
440 879 497 930 aut
522 877 711 950 tempestate
726 866 874 950 disjectis,
891 885 958 928 sesa
984 865 1124 948 perbrevi

239 979 378 1044 hostium
394 1001 486 1064 opera
500 975 609 1042 omnia
625 999 807 1063 expugnare
830 999 930 1062 posse,
946 999 1124 1062 propugna-

240 1091 363 1156 culum²
375 1094 525 1154 acerrime
536 1088 668 1174 aggredi
679 1103 711 1153 et
721 1090 858 1166 obsidere
869 1091 1013 1154 instituit.
1041 1090 1125 1154 Con·

240 1201 458 1282 silio,⁸autem,
468 1205 656 1286 D’Estaing,
664 1209 732 1266 sese
744 1186 941 1281 Bostoniam,
949 1203 1125 1267 reficienda

239 1316 348 1381 elassis
361 1319 471 1393 causa,
485 1316 663 1400 recipiendi,
675 1316 811 1397 cognito,
827 1316 859 1378 in
872 1315 1029 1378 Sullivani
1040 1315 1126 1398 tortis

239 1430 391 1506 exercitu,
403 1430 604 1515 querimonia
617 1429 723 1492 libera
736 1428 889 1505 exaudiri,
901 1440 933 1491 et
943 1431 965 1492 a
975 1427 1126 1492 militibus

240 1542 400 1624 gregariis
417 1542 450 1606 in
465 1542 587 1623 socios,⁴
603 1542 680 1606 mali
697 1554 851 1620 auctores,
862 1541 978 1625 jactari
992 1557 1025 1604 et
1039 1541 1126 1626 rejici

240 1667 358 1738 ooeptae.
458 1667 459 1670 ’

275 1767 353 1831 Haeo
364 1759 1018 1845 sententianonnullisinimioavidebatur.
1037 1766 1127 1830 Mala

239 1891 393 1957 attamen,
409 1902 478 1962 qua
494 1881 527 1944 in
544 1902 575 1942 re
592 1892 661 1942 tam
676 1881 840 1962 insperata
856 1880 999 1944 timenda
1013 1883 1127 1960 forent,

239 1991 383 2076 providit⁶
413 1991 651 2072 Washingtonii
677 2012 768 2054 mens
792 2003 898 2068 cauta,
921 1993 1127 2074 Fayetteque‚

240 2105 353 2182 Gallus
376 2103 559 2187 praenobilis,
582 2100 812 2186 imperatorem,
832 2103 894 2168 hae
918 2104 951 2166 in
973 2125 1016 2181 re,
1033 2104 1129 2187 pluri-

239 2221 330 2282 mum
353 2215 484 2300 adjuvit.
529 2209 677 2301 Epistolis
700 2217 881 2300 nuntiisque
902 2217 1020 2292 multis,
1037 2237 1129 2300 super

238 2329 301 2394 hac
316 2351 360 2408 re,
376 2331 460 2394 ultro
476 2331 615 2413 citroque
631 2329 744 2406 missis,
762 2329 804 2391 ad
816 2330 881 2392 alia
893 2329 1038 2412 quadam
1053 2351 1129 2396 avo-

239 2445 371 2506 cabatur
387 2443 664 2525 Washingtoniua

281 2556 349 2619 Sub
362 2556 438 2618 anni
449 2555 646 2638 insequentis
666 2555 774 2630 finem,
786 2573 911 2637 nempe,
925 2555 1000 2617 anni
1013 2555 1130 2618 Christi

239 2669 399 2732 millesimi
435 2667 710 2752 septingentesimi
740 2667 982 2750 septuagesimi
1014 2669 1129 2746 octavi,

238 2803 313 2845 oum
327 2782 462 2865 plurima
472 2782 540 2864 jam
550 2790 710 2843 transacta
721 2780 865 2856 fuissent,
879 2801 1016 2862 cumque
1028 2781 1130 2843 hiems

240 2896 382 2970 instaret,
396 2893 437 2956 ad
453 2893 632 2969 canadam,
644 2893 861 2956 Britannicam
877 2893 1082 2976 provinciam,
1099 2903 1131 2955 et

240 3001 421 3070 civitatibus
429 3005 629 3070 Americanis
637 3005 875 3082 conterminam,
884 3023 986 3068 manu
997 3007 1128 3086 magna,

242 3118 470 3195 invadendam,
484 3118 630 3184 animum
644 3117 766 3201 appulit
783 3118 987 3200 Congressus.
1036 3115 1131 3178 Colo·

274 3283 282 3316 1
298 3275 414 3334 mauu,
427 3275 476 3334 ba,
488 3272 550 3321 “the
560 3271 656 3319 French
665 3269 730 3334 ships
741 3270 886 3334 returning.”
922 3279 924 3290 ¹

271 3361 284 3396 θ
299 3351 509 3414 manasseas,
528 3353 578 3410 be,
595 3349 647 3398 “he
662 3348 768 3397 resolved
779 3353 804 3397 to
814 3345 983 3408 assault=vrith
992 3345 1031 3394 tlie
1041 3351 1132 3395 utmost

240 3429 316 3494 vigor,
327 3427 374 3477 and
385 3427 481 3492 besiege
491 3427 530 3476 tha
541 3431 649 3490 enemy’s
659 3425 776 3475 semensa

273 3515 285 3551 t
303 3507 410 3566 Cenabis,
423 3509 473 3565 aa,
481 3507 545 3553 “but
554 3505 594 3552 the
604 3504 688 3568 design
696 3502 725 3552 ol'
730 3501 906 3567 D’Estaing,os
911 3499 1027 3566 repairing
1036 3505 1061 3548 to
1070 3498 1130 3548 Bos·

243 3593 292 3646 ton,
300 3582 336 3632 for
342 3583 381 3632 the
391 3597 494 3646 purpose
503 3580 638 3646 olrefitting
647 3581 684 3630 liis
691 3581 754 3643 fleat,
762 3579 833 3645 being
843 3580 956 3640 known,”
963 3579 996 3640 (to
1006 3577 1042 3628 tte
1049 3577 1130 3628 Amer-

243 3667 307 3714 aaa
316 3665 343 3710 s'n
353 3661 432 3710 Rbosle
442 3661 521 3708 laland
531 3661 576 3707 ond
586 3660 722 3721 diambae.)
826 3719 828 3728 Ι

274 3750 285 3784 s
304 3741 388 3798 Sueba,
399 3734 479 3786 “their
489 3735 578 3795 allies,”
588 3736 628 3784 the
638 3735 739 3784 Frenoh.

272 3827 286 3868 ι
302 3817 414 3879 Providit,
426 3817 441 3844 ‘¹
448 3813 549 3868 sarasan
560 3811 600 3865 the
610 3812 691 3875 evils,’'
701 3812 745 3864 &a
