2824 4670
305 453 365 523 tat
549 439 813 518 xrrlsrrrrrsrorsrr
836 471 924 518 vrrs.

301 642 382 699 ram,
406 619 668 705 vituperationem
694 620 848 704 injustam
873 617 1111 695 contemnendo,
1136 627 1185 682 est

300 734 461 818 adeptus„

345 847 415 911 Etsi
442 846 610 910 hominum
632 866 776 923 numero,
801 843 969 929 disciplina
990 844 1128 921 militari,
1152 855 1186 908 et

301 971 455 1044 apparatu
477 958 599 1036 bellioo,
614 958 754 1022 hostibus
775 959 872 1040 longe
892 957 998 1041 dispar
1020 968 1098 1035 erat,
1113 958 1186 1022 aul·

299 1072 377 1150 lum,
393 1083 511 1151 tamen,
527 1071 691 1136 victoriam
705 1071 885 1156 reportandi
897 1071 1096 1134 occasionem
1115 1071 1187 1134 hos·

299 1185 383 1248 tibus
406 1183 514 1263 dedit;
539 1205 598 1250 nee
617 1184 772 1248 occasioni
794 1183 851 1246 ulli
874 1183 941 1268 ipse
963 1183 1080 1259 deerat,
1096 1182 1188 1266 siqua

300 1303 343 1366 ab
364 1302 506 1366 hostibus
520 1301 740 1365 duratus-ln
756 1300 937 1375 certaminis
960 1298 1068 1363 ardore
1083 1297 1188 1360 maxi·

298 1435 363 1492 mo,
391 1413 628 1496 Washingtonii
655 1412 824 1496 prurientia
851 1411 949 1474 saluti
975 1411 1084 1495 patriae
1114 1410 1186 1474 fuit.

300 1528 452 1592 Veterum
474 1525 609 1588 annales
624 1523 868 1606 Washingtonio
883 1543 991 1606 parem
1006 1523 1109 1586 ullum
1132 1541 1188 1584 ex·

301 1640 406 1703 hibere
421 1647 597 1720 nequeunt.
645 1635 815 1701 Iracundia
830 1646 862 1698 et
877 1633 982 1698 studio
998 1635 1087 1698 inani
1101 1634 1188 1698 omni

302 1751 398 1836 plane
414 1769 540 1814 vacuus
554 1749 625 1813 luit.

346 1864 409 1928 Tot
422 1873 545 1926 naturae
560 1861 686 1926 dotibus
700 1863 848 1946 praerlitus
861 1872 937 1939 erat,
954 1863 1004 1924 ut¹
1015 1860 1064 1923 nil
1073 1858 1188 1942 majus,

303 1973 363 2042 Dei
382 1996 524 2053 munere,
545 1975 729 2041 mortalibus
756 1995 900 2059 unquam
925 1993 1112 2040 concessum
1138 1972 1188 2036 sit.

302 2085 539 2172 Washingtonii
562 2089 698 2173 probitas
714 2087 880 2174 eorrumpi,
896 2099 953 2152 aut
968 2090 990 2153 a
1004 2098 1088 2150 recto
1106 2085 1190 2149 flecti

304 2198 394 2266 haud
422 2212 550 2286 poterat.
607 2202 689 2266 Neo²
715 2191 874 2278 simulare,
905 2223 964 2268 neo
992 2200 1191 2264 dissimulare

224 2339 227 2346 ’
303 2315 431 2377 sciebat.
480 2314 620 2378 Consilia
630 2313 700 2396 ejus
713 2333 836 2396 semper
849 2314 993 2389 honesta,
1007 2323 1040 2374 et
1053 2311 1191 2381 ahumai

304 2423 501 2508 turpitudine
516 2425 613 2506 longe
629 2434 735 2485 amota
750 2427 851 2487 fuere.

349 2535 591 2621 Rempublieam
621 2534 689 2598 siue
719 2534 830 2598 fraude
861 2534 1124 2613 administrabat3
1159 2546 1192 2599 et

195 2719 199 2736 ,
305 2647 459 2731 quidquid
473 2648 593 2712 uiribus
608 2657 666 2709 aut
680 2647 860 2710 nationibus
871 2647 987 2711 exteris
1003 2648 1191 2732 sposponde-

305 2771 363 2837 rat,
379 2761 498 2824 sincere
521 2770 554 2822 et
569 2761 637 2824 sine
661 2759 782 2823 inuidia
798 2760 866 2824 ulla
889 2759 950 2824 diei
967 2761 1076 2825 voluit.
1123 2762 1190 2826 Neo

304 2872 415 2936 fraude
431 2893 489 2938 neo
505 2873 635 2938 fallacia
649 2874 706 2952 uti,
722 2874 840 2936 ratione
856 2874 937 2952 ulls,
951 2885 1082 2958 poterat.
1120 2875 1191 2938 Dis·

306 2988 423 3076 crimen
439 2986 627 3071 sapientiam
642 2987 724 3050 inter
740 2997 771 3049 et
784 2987 943 3050 vafritiem
959 2997 1098 3050 statuere
1114 2987 1192 3050 seie-

310 3133 1190 3166 ·.--—-----·-··------—-—-·-—--2-

337 3231 346 3267 1
365 3226 402 3287 Ut,
415 3229 463 3288 ssa,
475 3225 548 3276 “that
557 3225 658 3292 nothing
673 3233 766 3292 greater
778 3227 845 3289 (than
861 3228 902 3292 he)
914 3245 966 3277 was
982 3243 1036 3280 ever
1052 3229 1152 3294 grente'd
1168 3235 1193 3279 to

305 3303 403 3356 mortale
414 3305 446 3367 by
456 3301 496 3352 the
506 3302 664 3354 munificence
674 3303 702 3354 of
713 3305 753 3353 the
765 3303 860 3369 Deity.”

337 3415 348 3454 ι
363 3409 492 3471 Nem-o,
501 3408 553 3458 “hs
563 3407 654 3459 neither
663 3409 736 3458 lruew
743 3409 798 3462 how
806 3409 1120 3474 torfeigrrmordissembleJ'
1137 3412 1192 3462 The

305 3486 363 3536 verb
373 3486 454 3534 amulo
463 3500 556 3548 means,
566 3487 582 3536 1
589 3485 667 3548 suga,
677 3502 704 3535 or
715 3489 812 3549 preteeti
826 3503 840 3536 a
854 3488 921 3551 thing
935 3489 983 3536 that
997 3491 1049 3538 does
1062 3496 1103 3540 not
1118 3492 1175 3538 arist
1181 3507 1191 3548 ,-

307 3561 356 3612 sud
366 3563 491 3624 mamus,
500 3565 517 3613 1
523 3564 618 3620 conred.
629 3579 656 3612 or
665 3565 805 3612 disrerrblea
815 3565 910 3626 rarlity:
928 3565 990 3626 thus,
999 3566 1097 3626 Sallust,
1106 3566 1191 3630 speak-

306 3653 349 3704 mg
364 3639 393 3689 os
404 3639 444 3689 the
459 3639 625 3690 characteres
635 3640 745 3702 Catilius,
762 3655 827 3704 says,
839 3643 991 3704 “Simrrlator,
1001 3649 1023 3692 et
1039 3645 1192 3692 &animator

306 3716 426 3780 mumlilet
444 3720 509 3778 τοίγ’
526 3708 573 3768 “lu
589 3734 638 3768 war
654 3735 669 3768 a
686 3719 850 3781 cerussata,
866 3722 913 3768 arad
928 3737 943 3769 a
957 3722 1087 3770 momulus
1102 3721 1130 3782 os
1146 3735 1192 3782 ray

307 3794 397 3856 magur
