2834 4692
289 494 330 557 62
545 507 796 556 wisnrrrurorur
820 507 907 554 vrri.

289 654 481 732 obsidebant,
492 654 585 738 quod,
596 665 717 732 tamen,
727 654 919 731 Prestonius,
929 653 1092 737 praefectus
1102 652 1171 718 An·

290 767 403 852 glicus,
418 767 585 834 fortissime
600 766 748 831 defendit.
793 766 903 830 Morbo
916 765 1031 830 ducem
1046 765 1171 847 sehuy-

289 881 335 945 ler
349 882 390 944 ab
402 880 542 944 exercitu
557 879 706 944 decedere
721 889 865 962 cogente,
875 879 1041 964 imperium
1057 877 1100 942 od
1113 876 1172 940 du·

289 1015 360 1058 cem
375 994 597 1077 Montgomery
607 992 744 1070 devenit,
755 993 809 1076 qui
819 1003 886 1056 tarn
896 991 1009 1056 acriter
1020 1009 1172 1074 aggerem

289 1105 419 1184 obsedit,
435 1117 480 1184 ut,
496 1127 613 1190 paucos
628 1106 711 1170 intra
725 1105 803 1184 dies,
814 1104 1042 1191 propugnaculi
1055 1104 1174 1189 potitus

290 1218 338 1282 sit.
386 1218 489 1303 Capto
507 1219 577 1282 loco
598 1219 668 1296 isto,
691 1217 734 1280 ad
755 1218 899 1283 Mentem
919 1218 1075 1301 Regium¹
1098 1235 1174 1279 curn

288 1330 430 1395 exercitu
445 1331 562 1394 victore
584 1330 807 1413 Montgomery
822 1333 967 1416 perrexit.
1015 1331 1100 1394 Cum
1119 1350 1176 1414 op-

289 1442 363 1528 pido
377 1444 648 1529 appropinquaret,
661 1463 770 1526 paucae
785 1431 974 1508 Britannicae
989 1445 1094 1529 copiae,
1106 1463 1175 1527 quae

289 1555 432 1640 prasidio
446 1558 583 1631 fuerant,
595 1555 629 1616 in
641 1554 753 1616 salutis
766 1575 853 1638 spem
867 1576 966 1618 naves
977 1557 1096 1640 petiere
1108 1578 1117 1632 ;
1142 1564 1177 1618 at

277 1668 313 1740 ‚a
326 1667 451 1728 tribuno
465 1666 597 1742 Easton,
613 1666 667 1748 qui
680 1665 860 1750 manipulos
874 1667 1044 1730 nonnullos
1064 1667 1176 1730 ducta·

290 1779 357 1856 bat,
370 1799 432 1861 quo
445 1778 551 1842 minus
568 1777 702 1842 fluvium
716 1779 851 1843 navibus
866 1777 1102 1857 descenderent,
1117 1779 1177 1842 im·

290 1891 504 1978 pediebantur.
552 1890 628 1954 Dux
650 1891 825 1956 Prescotius
846 1890 1078 1986 cumpluribus
1100 1911 1177 1976 prse-

290 2005 391 2083 fectis,
407 2015 598 2087 centumque
621 2003 736 2088 viginti
758 2002 910 2070 militibus
933 2005 1084 2088 gregariis
1106 2025 1179 2070 sese

291 2117 475 2183 dediderunt
483 2140 492 2196 ;
507 2117 645 2201 Duxque
655 2117 875 2197 Americanus,
883 2118 1023 2203 prasidio
1033 2118 1075 2182 ed
1085 2120 1178 2184 Mon·

291 2241 358 2296 tem
372 2231 513 2313 Regium
527 2229 646 2306 relicto,
658 2229 700 2293 ad
711 2231 821 2296 urbem
833 2231 976 2296 carradae
988 2232 1176 2317 praecipuam

292 2361 389 2424 quam
402 2341 552 2404 maximis
567 2341 730 2404 itineribus
745 2342 916 2406 contendit.

336 2453 493 2537 Tempore
504 2473 566 2534 quo
576 2452 739 2516 victoriam
751 2454 974 2536 Montgomery
985 2465 1051 2518 tam
1063 2456 1178 2522 acriter

293 2575 473 2642 sectaretur,
488 2563 650 2649 provincia
664 2565 861 2630 Canadensis
877 2567 917 2640 ab
932 2567 1021 2631 hoste
1036 2588 1100 2632 non
1118 2569 1178 2632 mi·

293 2681 354 2742 nus
379 2699 417 2740 ac
439 2677 662 2761 Montgomery
683 2678 753 2742 forti
777 2678 977 2762 interritoque
1001 2680 1175 2764 petebatur.

294 2790 384 2856 Mille
406 2789 572 2854 hominum
594 2789 634 2858 de
649 2792 789 2858 exercitu
803 2793 994 2857 Americano
1010 2791 1183 2858 Cantabrl·'

295 2904 357 2988 giae
382 2914 460 2966 tunc
485 2905 633 2988 temporis
658 2904 744 2989 apud
772 2904 956 2988 Novanglos
985 2895 1177 2983 considente,

295 3019 317 3082 a
338 3016 586 3099 ¹Washingtonio
611 3017 652 3081 ad
677 3017 845 3082 Canadam
869 3017 1052 3102 pacandam
1077 3018 1177 3082 missi.

295 3129 399 3194 Hicce
420 3129 605 3214 manipulus
622 3130 745 3195 tribuno
759 3130 891 3214 legionis
906 3130 1058 3195 Arnoldio
1073 3130 1176 3209 datus,

294 3243 348 3326 qui
358 3242 463 3327 copias
472 3242 584 3305 itinere
594 3241 735 3306 nondum
745 3253 866 3307 tentato
876 3261 930 3326 per
940 3242 1175 3308 desertaduxit:

296 3355 496 3419 difficultates
518 3375 645 3438 magnae
670 3376 748 3438 quas
772 3355 826 3418 hic
847 3354 1029 3440 manipulus
1050 3376 1102 3441 per
1125 3357 1164 3420 tri
1260 3335 1266 3348 ⁸

297 3469 386 3551 ginta
401 3467 468 3531 dies
483 3468 586 3546 subiit,
601 3470 667 3533 fere
681 3467 949 3552 inexsuperabiles
964 3470 1064 3533 luere.

340 3580 477 3645 Flumen
491 3580 755 3644 Kennebeclrium
767 3580 910 3644 lintribus
921 3581 1012 3644 factis
1029 3579 1164 3644 ascende

298 3704 381 3770 runt,
396 3703 429 3756 et
452 3693 601 3757 adversus
624 3693 743 3756 flumen
757 3693 911 3776 navigare
934 3693 1042 3757 coacti.
1089 3691 1179 3756 Mala

444 3839 454 3880 t
469 3833 572 3884 Martem
581 3833 690 3897 Regium,
701 3831 869 3896 “Montreel,”
878 3829 905 3882 in
914 3830 1025 3885 emeda
