2834 4692
477 441 728 488 wrsnrrrororur
753 441 840 486 vrri.
1059 420 1100 484 78

218 579 533 653 terosavindicando
545 588 725 672 semetipsos
735 587 769 650 in
778 583 1102 650 libertateminoeter-

217 722 297 765 num
313 699 469 765 deterreri.

261 814 322 879 His
344 816 436 878 rebus
459 811 553 879 altius
567 823 709 876 mentem
729 812 975 897 penetrantibus,
991 813 1103 898 capitis

216 926 408 1012 periculum¹
433 937 502 1010 post
524 947 656 988 auorum
680 935 781 1008 terga,
802 925 1007 1008 hostiumque
1028 935 1103 988 ante

218 1039 320 1102 aciem
342 1039 486 1123 primam,
502 1058 585 1120 equo
607 1039 641 1101 in
663 1038 770 1101 hostes
792 1058 891 1116 verso,
915 1036 1102 1122 aliquandiu

218 1149 312 1228 lecit;
336 1171 477 1235 sperans,
493 1149 622 1227 scilicet,
638 1150 774 1236 hujusce
801 1148 863 1213 diei
883 1149 1031 1227 dedecus,
1047 1150 1104 1213 ho·

218 1265 312 1326 nesta
331 1273 440 1341 morte,
461 1261 662 1345 adversisque
678 1261 875 1327 vulneribus²
888 1263 982 1326 uitari
1002 1282 1102 1348 posse.

217 1374 299 1459 Ejus
323 1374 495 1459 adjutores·
509 1375 543 1438 in
565 1375 716 1453 exercitu,
732 1375 905 1459 fidelesque
928 1373 1023 1438 amici
1045 1375 1105 1438 oir-

218 1498 428 1566 cumulamen,
450 1488 551 1566 illum,
576 1489 668 1572 quasi
691 1489 733 1567 vi,
750 1488 894 1554 recedere
921 1497 1102 1570 coegerunt.

218 1599 339 1664 Eorum
362 1600 516 1685 precibus*
542 1612 574 1664 et
589 1600 787 1680 dexteritate,
803 1602 879 1679 vita,
894 1621 977 1684 quae,
994 1600 1033 1664 ob
1055 1599 1105 1664 in-

217 1714 322 1778 famiae
338 1725 473 1792 metum,
485 1726 663 1796 astumque
678 1715 807 1792 irarum,
820 1735 913 1799 prope
927 1724 1018 1776 certae
1034 1713 1106 1776 neci

217 1824 347 1888 addicta
373 1826 549 1904 videbatur,
579 1825 622 1888 ad
651 1826 772 1909 majora
800 1827 907 1909 patriae
937 1824 1105 1889 commoda

219 1948 389 2000 reservata.
436 1937 583 2020 Hujurce
598 1937 662 2000 diei
677 1938 776 2020 turpis
791 1938 898 2000 exitus
925 1938 1006 2000 Novi
1021 1938 1106 2000 Ebo-

219 2048 284 2110 reci
309 2047 543 2110 derelictionem
568 2049 751 2112 maturavit.
798 2047 869 2111 Hoc
893 2048 1025 2111 minimo
1048 2047 1107 2110 ho-

219 2159 346 2223 minum
376 2159 494 2224 damno
522 2162 708 2245 perfectum,
739 2171 773 2223 at
806 2159 915 2223 omnia
947 2169 1107 2224 tormenta

220 2273 350 2357 majora,
372 2292 507 2356 peraque
530 2272 841 2359 impedimentorum,
863 2273 988 2352 cibaria,
1009 2293 1106 2358 appa-

218 2395 306 2448 ratus
321 2384 463 2463 bellicuS,
480 2396 512 2448 et
527 2387 669 2464 tentoria,
685 2386 861 2450 necessario
879 2396 955 2449 sunt
978 2387 1103 2450 antisse.

263 2496 488 2562 Deficientibus
499 2499 647 2577 tentoriis,
658 2499 759 2582 frigus
772 2500 927 2578 brumale,
940 2499 1025 2583 quod
1036 2500 1106 2583 jam

219 2610 367 2688 instabat,
381 2612 559 2681 exercitum
575 2610 616 2674 ad
629 2633 772 2700 summas
784 2612 948 2695 angustias
960 2611 1104 2676 deduxit.

220 2723 373 2800 Britones,
391 2723 480 2787 Novo
494 2724 636 2787 Eboraco
651 2723 751 2807 potiti,
767 2735 841 2786 ente
858 2726 969 2788 urbem
986 2725 1106 2789 exerci-

222 2847 291 2899 tum
315 2835 483 2913 ducebant,
500 2847 667 2918 castraque
682 2856 734 2920 per
750 2846 849 2899 totam
864 2836 1003 2900 insrdam
1022 2837 1106 2900 Ebo-

253 3064 261 3097 1
280 3057 369 3182 iulg?
382 3058 517 3120 pericuum,
528 3061 569 3121 ζει.
603 3061 618 3086 “
623 3057 665 3107 He
674 3058 793 3108 hezarded
803 3059 840 3108 hir
850 3059 889 3109 life
898 3059 987 3110 behind
996 3060 1034 3110 his
1050 3077 1106 3111 own

222 3136 302 3194 men,’
350 3168 356 3182 .

252 3247 264 3281 t
278 3239 430 3301 adversisque
441 3240 580 3301 vulne-idue,
592 3241 643 3305 “by
652 3241 754 3292 wounds
764 3241 790 3292 in
802 3243 842 3292 the
854 3243 940 3306 front,’‘
952 3243 1031 3293 which
1045 3242 1105 3292 indi·

222 3314 292 3365 cated
308 3315 360 3364 thet
375 3315 431 3379 they
441 3332 503 3365 were
516 3317 623 3366 received
633 3318 713 3367 whilst
725 3318 806 3384 facing
821 3322 861 3370 the
873 3337 972 3386 enemy3
991 3321 1104 3384 whereas,

222 3407 301 3442 operm
309 3394 410 3454 ndnero,
418 3393 519 3442 wounds
528 3393 553 3443 in
563 3394 603 3443 the
613 3396 683 3457 back,
690 3411 754 3445 were
763 3396 1067 3460 dishonorable,inasmuoh
1077 3414 1105 3447 aa

222 3470 279 3534 thoy
289 3477 354 3518 must
362 3471 393 3518 bo
402 3470 507 3520 received
515 3471 540 3520 in
550 3472 590 3522 the
601 3480 640 3523 act
650 3473 678 3523 ol
689 3473 777 3540 fleeing
786 3475 846 3525 srorn
855 3476 896 3525 the
907 3475 950 3526 foe.

252 3584 264 3621 a
278 3577 339 3641 Ejus
349 3577 468 3640 adjutores,
479 3576 536 3626 “hia
546 3577 744 3646 aida-decemp?

254 3693 264 3727 ι
280 3683 369 3733 Eorum
380 3683 492 3746 precibur,
503 3686 554 3746 be,
564 3685 618 3750 “by
627 3686 688 3736 their
702 3686 836 3750 entreaties,
848 3687 896 3738 aud
910 3685 1018 3751 eddrets,
1029 3701 1044 3737 e
1057 3685 1102 3752 lisa,

223 3757 324 3822 ahiem
334 3758 378 3810 &c

644 3845 665 3888 θ
