2840 4684
501 475 751 522 wnsmucrourr
774 476 862 520 vrri.
1080 456 1119 518 81

286 628 308 663 “
322 625 356 690 Si
379 622 420 687 ad
437 633 540 707 partes
554 621 797 704 Pennsylvaniae
814 629 972 682 extremas
996 615 1122 680 receda-

241 757 324 816 mus,
332 734 655 818 numPennsylvanos
666 734 754 797 nobis
764 732 971 817 opitulaturos
981 730 1081 794 credis
1089 729 1122 794 l'’

243 850 306 914 Cui
315 850 448 933 legionis
462 849 605 912 tribunus
620 847 709 911 Recd
719 845 913 930 respondisse
924 848 1042 908 fertur:
1069 842 1122 906 “si

242 963 412 1026 comitatus
435 962 605 1024 inferiores¹
626 960 749 1022 subacti
764 980 802 1022 ac
817 957 916 1022 dediti
930 959 1057 1033 fuerint,
1070 978 1122 1020 co-

243 1074 374 1136 mitatus
385 1073 437 1136 alii
447 1074 480 1135 in
489 1073 631 1136 hostium
638 1071 789 1134 ditionem
796 1070 1006 1154 pervenient.'‘
1026 1070 1123 1134 Tunc

243 1185 521 1268 Washingtonium
532 1184 648 1248 dixisse
659 1186 781 1247 ferunt:
798 1189 818 1220 ‘⁴
830 1183 883 1248 Ad
892 1183 1041 1265 Virginiae
1052 1203 1123 1268 par·

243 1308 291 1360 tes
303 1308 461 1360 extremas
472 1297 560 1360 nobis
570 1295 783 1360 recedendum
796 1306 844 1360 est
856 1319 865 1374 ;
883 1295 988 1372 multi,
1001 1290 1042 1358 ad
1054 1315 1123 1372 noa,

243 1409 355 1473 salutis
381 1413 499 1488 causa,
513 1411 680 1492 confugere
705 1420 867 1492 cogentur,
884 1420 925 1486 et,
941 1408 1018 1492 quid
1041 1408 1124 1472 bello

243 1520 423 1606 praedatorio
442 1523 507 1586 fieri
521 1522 624 1607 possit,
640 1522 900 1606 periclitandum;
925 1523 972 1583 at²
987 1520 1014 1584 si
1033 1520 1124 1584 nobis

242 1637 370 1698 fortuna
384 1635 538 1712 inviderit,
551 1646 674 1699 montes
687 1635 953 1718 Alleghanienses
968 1646 1124 1720 postremo

243 1747 442 1831 superandi.”

288 1859 358 1922 Hoc
378 1860 412 1922 in
433 1871 572 1944 receptu,
588 1859 749 1941 equitatus
769 1870 802 1921 et
822 1871 979 1922 tormenta
1002 1860 1126 1942 majora

245 1971 490 2053 uniuscujusque
500 1973 565 2034 fera
581 1970 714 2052 generis,
725 1969 972 2050 Washingtonio
983 1970 1124 2034 desuem.

245 2082 369 2146 Paucos
391 2081 479 2148 intra
490 2081 567 2157 dies,
582 2091 651 2165 post
665 2078 1126 2164 propugnaculum-Washmg-

245 2191 1127 2278 torriumexpugnatum,pedemrelerrecoeperuntAmer-

244 2307 338 2370 icani.
386 2305 557 2391 Copiarum
566 2305 781 2368 recedentium
794 2326 865 2390 pars
878 2326 1008 2388 magna,
1021 2305 1060 2368 de
1071 2307 1126 2386 eis,

244 2420 298 2502 qui
319 2417 594 2503 propugnaculum
616 2417 675 2481 hoc
691 2419 870 2496 tuebantur,
882 2419 1034 2482 conflata.
1082 2421 1127 2484 Hi

244 2553 286 2595 ex
300 2552 417 2615 aggere
431 2531 491 2596 isto
506 2542 573 2594 tam
588 2531 694 2594 subito
708 2529 824 2615 pedm
837 2533 949 2594 referre
970 2533 1127 2615 cogeban-

245 2655 307 2722 tur,
323 2656 360 2708 ut
373 2646 519 2721 tentoria,
531 2643 659 2719 lodices,
672 2654 704 2706 et
719 2642 900 2726 coquinaria
913 2663 1001 2720 vasa,
1017 2665 1127 2708 neces·

244 2758 327 2822 sario
342 2758 532 2841 reliquerint.

291 2871 340 2933 lta
355 2870 476 2950 armati,
489 2879 522 2933 et
533 2869 648 2946 vestiti,
659 2875 874 2952 saepenumero
889 2869 987 2932 etiam
997 2870 1127 2953 pedibus

247 2981 340 3044 nudis
369 2979 560 3058 incedentes,
587 2983 718 3043 ineunte
742 2980 860 3058 hieme,
887 3002 941 3065 per
971 2983 1126 3064 regiones,

246 3093 414 3157 deditionis
442 3113 538 3176 quam
567 3094 697 3157 renixds
724 3094 811 3156 fortis
841 3094 1040 3170 amantiores,
1068 3093 1127 3156 iter

248 3209 359 3270 fecere.
407 3205 468 3270 His
493 3204 702 3269 incommodis
732 3205 929 3283 circumdati,
952 3205 1129 3288 nonaginta

248 3319 432 3383 milliarium
442 3320 657 3397 iterfecerunt,
665 3319 913 3404 eoqueinspatio
921 3317 1128 3394 conficiendo,

247 3433 316 3497 dies
338 3432 536 3516 turdevigiuti
559 3434 804 3517 insumpserunt,
819 3443 856 3495 ut
870 3431 998 3495 auxiliis
1014 3450 1129 3514 expec-

250 3547 326 3610 tatis
358 3547 505 3630 temporis
534 3547 610 3609 satis
639 3545 680 3609 ad
709 3544 960 3610 conveniendum
989 3543 1126 3606 daretur.

400 3723 410 3758 ²
429 3717 686 3779 contaminantem,
698 3715 758 3764 “the
767 3715 841 3765 lower
852 3711 981 3762 counaesu

400 3801 415 3840 a
428 3795 468 3856 dt,
480 3795 530 3856 aa,
541 3791 635 3842 “butif
645 3792 738 3843 fortune
748 3791 810 3842 shall
820 3805 882 3854 envy
890 3793 943 3839 ω’
