2824 4670
331 458 392 520 lat
586 476 837 522 wrsnruosonu
861 477 948 521 vrrs.

329 621 522 698 conabatur;
547 620 585 684 de
601 622 814 694 controversiis
830 621 969 687 Galliam
984 619 1064 684 inter
1077 630 1109 692 et
1131 619 1207 684 clvi·

329 742 410 796 tates
425 733 593 797 foederatas
609 736 652 798 sic
667 735 794 798 locutus
808 756 875 798 esse
891 738 1007 797 fertur:

373 851 394 882 “
404 847 563 909 Tametsl¹
578 847 664 910 mala
679 848 781 912 multa
795 858 828 910 et
841 849 960 931 gravia,
973 868 1042 929 quae
1054 869 1112 910 nos
1126 847 1208 910 inter

328 967 361 1020 et
383 960 525 1020 nationes
547 969 669 1022 exteras
690 962 871 1038 extiterunt,
883 961 952 1044 jam
968 961 1097 1024 omnino
1116 980 1208 1044 supe·

328 1079 397 1132 rata
419 1081 450 1132 et
472 1072 626 1154 preterita
639 1073 719 1152 sint,
735 1087 872 1150 summo,
896 1084 1014 1149 tamen,
1030 1071 1134 1135 dolore
1157 1091 1209 1134 mo

328 1183 432 1259 afficit,
447 1203 502 1246 vos
518 1185 662 1247 certiores
675 1185 812 1249 faciendi
827 1183 1089 1248 necessitudinem
1104 1184 1209 1266 ingra-

328 1305 395 1357 tam
418 1297 496 1358 mihi
518 1297 696 1380 impositam
716 1318 793 1374 esse,
812 1297 1036 1380 rempublicam
1051 1295 1210 1359 Gallicam

327 1427 427 1470 naves
449 1418 580 1485 nostras,
597 1410 630 1470 in
647 1407 738 1472 lndid
753 1409 951 1485 occidentali,
967 1409 1097 1490 aliisque
1114 1406 1211 1490 pluri·

328 1519 389 1580 mis
411 1520 445 1581 in
459 1518 544 1594 locis,
561 1538 682 1601 capere,
697 1529 729 1580 et
744 1519 963 1596 condemnare,
980 1541 1043 1582 non
1058 1521 1149 1581 sech·
1172 1539 1210 1580 ac

328 1629 496 1690 sibellum
510 1627 592 1690 duas
614 1617 826 1711 inter'gentes
849 1641 995 1710 geratur;
1020 1601 1134 1710 meque
1157 1650 1211 1694 ve·

327 1737 492 1802 hementer
514 1739 610 1823 piget,
628 1740 715 1802 vobis
737 1739 849 1818 dicere,
866 1715 1011 1823 legatum
1026 1739 1210 1819 Gallicum,

328 1852 381 1935 qui
397 1872 484 1914 nunc
501 1851 586 1936 apud
600 1873 656 1916 nos
671 1864 821 1931 moratur,
834 1875 900 1931 nos,
917 1853 1004 1916 haud
1019 1853 1063 1917 ita
1078 1852 1211 1938 pridem,

329 1965 471 2028 certiores
494 1965 614 2043 fecisse,
630 1965 717 2028 mala
739 1966 810 2044 ista,
826 1965 866 2029 de
889 1966 1002 2048 quibus
1023 1985 1111 2028 nunc
1134 1984 1212 2046 que·

328 2079 438 2157 rimur,
448 2079 481 2141 in
497 2081 681 2162 posterum,²
694 2099 759 2142 non
773 2078 931 2156 imminui,
945 2077 1010 2156 sed,
1024 2089 1141 2154 contra,
1155 2095 1213 2140 au-

329 2193 404 2275 geri.
450 2193 569 2256 Pacem
582 2191 841 2274 concordiamque
855 2213 912 2254 nos
927 2192 1009 2254 inter
1021 2202 1054 2254 et
1068 2189 1220 2274 rempub·v

328 2305 426 2368 licam
437 2305 598 2368 Gallicam
608 2325 686 2380 esse,
697 2307 720 2368 a
730 2323 780 2366 me
791 2324 913 2386 semper
923 2303 985 2365 fuit
997 2302 1210 2365 elaboratum:

328 2435 442 2500 pacem
463 2413 780 2477 servandi'voluntas
802 2415 971 2476 imminuta
993 2423 1114 2490 manet,
1130 2423 1214 2474 atta·

328 2547 415 2604 men,
431 2529 528 2604 cam,⁸
542 2526 602 2588 nisi
625 2523 774 2589 dedecore
795 2543 931 2600 summo,
950 2544 1133 2586 conservare
1156 2544 1213 2586 ne-

330 2640 456 2721 quimus
468 2660 476 2702 r
493 2659 606 2721 neque,
620 2649 738 2715 tamen,
752 2637 873 2701 bellum
884 2637 972 2699 nobis
988 2636 1097 2701 Gallos
1113 2636 1214 2700 indic·

330 2762 427 2828 turos,
442 2773 557 2816 vereor.
604 2751 756 2828 Damna,⁴
773 2761 804 2814 et
819 2748 981 2828 dedecora,
998 2771 1064 2812 non
1077 2748 1211 2827 bellum,

329 2864 419 2930 nobis
434 2864 557 2942 inferre,
574 2865 756 2947 exoptant.”

362 3081 370 3115 1
389 3073 496 3133 Tametsi,
515 3076 565 3134 dfe,
579 3075 594 3100 ‘⁴
600 3071 714 3138 although
730 3072 771 3122 the
786 3088 861 3136 many
870 3070 918 3120 and
934 3069 1042 3134 grievous
1059 3069 1125 3132 evils,
1136 3067 1215 3122 which

330 3149 392 3200 have
407 3148 497 3198 existed
512 3150 622 3198 between
632 3165 662 3198 us
672 3149 720 3198 and
730 3149 820 3214 foreign
831 3147 933 3207 uadens,
944 3162 985 3195 are
1000 3163 1056 3196 now
1065 3147 1154 3211 wholly
1163 3163 1214 3197 sru-

331 3226 453 3287 mounted,
463 3225 512 3274 and
522 3226 610 3291 passed
621 3227 660 3290 hy,
671 3229 689 3275 it
699 3227 858 3276 nevenheless
868 3224 950 3274 affecto
960 3240 998 3275 me
1008 3222 1067 3273 with
1075 3225 1116 3274 the
1125 3230 1216 3274 utmost

331 3303 395 3370 pain,
406 3303 458 3352 that
473 3303 513 3351 the
522 3302 666 3366 unpleaseut
674 3303 794 3368 necessity
803 3302 831 3352 of
841 3301 997 3366 acquainting
1005 3300 1091 3367 you‚is
1106 3299 1215 3367 impoced

331 3397 364 3432 oo
379 3397 425 3442 me,
437 3381 488 3429 that
502 3379 542 3428 the
551 3379 646 3430 Freuch
660 3381 766 3444 republie
777 3395 819 3428 ers
833 3379 918 3444 taking
932 3377 980 3428 and
996 3377 1158 3444 eoademning
1171 3391 1216 3428 our

331 3457 422 3524 ὤμνυ
433 3459 476 3507 ξω,

362 3544 375 3581 a
389 3537 516 3596 Pastorum,
529 3533 636 3596 (scilicet,
647 3537 753 3597 lempna)
765 3532 800 3582 for
809 3532 850 3582 tha
859 3533 943 3583 future.

363 3615 457 3674 allam,
469 3611 575 3674 (seilicet,
583 3616 680 3674 pmerm)
692 3610 936 3674 “it'’thatmpeece.
1136 3655 1142 3662 ,

362 3703 373 3736 c
391 3693 490 3751 Danaa
503 3694 552 3752 tto„
563 3689 639 3754 “they
651 3688 702 3749 (the
717 3688 821 3751 French)
835 3689 925 3753 greatly
935 3686 1009 3738 desim
1024 3693 1050 3738 te
1064 3685 1134 3751 bring
1148 3699 1213 3751 upon

333 3786 363 3820 us
372 3769 448 3819 losses
458 3767 506 3818 and
516 3767 631 3833 disgrece,
641 3767 686 3816 bnt
694 3772 736 3816 not
745 3773 769 3816 to
779 3764 872 3815 declara
884 3767 961 3831 (epm)
973 3781 1024 3815 war
1032 3780 1065 3814 on
1073 3767 1126 3814 ns.”
