2824 4670
499 485 750 532 wssurucrorur
774 487 861 532 vrrs.
1063 471 1120 532 rto

277 631 456 698 Robustum
471 653 593 716 corpus,
608 632 696 696 salus
709 635 803 696 firma
818 642 901 708 erat;
918 641 950 694 et
961 631 1120 697 laborum¹

231 745 314 812 mire
329 745 455 831 paticus
469 747 541 810 fuit.
579 746 757 810 Libidinem
771 745 971 829 imperiosam
987 756 1020 808 et
1034 746 1120 810 effre-

232 879 309 922 nam
320 860 349 922 ei
364 869 481 922 natura
493 857 599 937 dedit3
616 869 649 921 at
659 858 815 943 patientia
827 869 858 920 et
868 850 1035 934 industrii,
1049 879 1120 940 que

232 983 348 1034 natura
369 971 555 1054 denegarat,
570 972 730 1054 acquirere
746 982 778 1034 et
799 971 928 1054 adipisci
950 969 1118 1050 studebat3

230 1100 291 1149 nec
306 1105 398 1168 opera
414 1085 575 1148 incassum
591 1084 661 1148 fuit.
709 1084 868 1146 Caeruleos
889 1082 1029 1146 habebat
1042 1103 1121 1146 oeu-

231 1194 298 1274 los;
322 1218 420 1259 nasus
441 1195 602 1279 longulus,
617 1207 651 1259 et
673 1195 833 1260 modestiae
856 1195 968 1279 plenus
984 1193 1117 1273 vultue;

231 1309 339 1387 comis,
355 1309 502 1386 liberalis,
518 1309 629 1372 amicis
651 1309 819 1390 benignus,
834 1307 949 1392 ignotis
971 1309 1120 1376 omnibus

230 1441 301 1484 sese
317 1421 520 1505 prebendum
532 1422 690 1506 judicans.

267 1535 436 1598 Virtutem¹
446 1545 711 1619 rectumque‚nou
719 1533 824 1614 solum
834 1555 878 1598 ox
886 1533 946 1597 Dei
956 1543 1055 1610 metu,
1063 1532 1120 1598 ed

228 1667 271 1710 ex
286 1647 396 1711 innato
410 1643 488 1712 recti
502 1669 619 1726 amore,
636 1647 769 1712 colebat.
801 1647 1008 1724 Bibliotheca,
1020 1667 1118 1729 quam

229 1761 458 1845 amplissimam
480 1761 628 1838 habebat,
651 1770 683 1822 et
705 1759 918 1824 consuetude
932 1759 1119 1845 epistolaris⁸

228 1891 304 1935 cum
318 1873 421 1954 gentis
433 1873 685 1966 uuiuscujusque
696 1871 770 1936 viris
779 1872 980 1948 doctioribus,
992 1893 1068 1934 eum
1079 1871 1119 1936 de

224 1985 359 2065 quaque
383 1984 464 2045 orbis
489 1994 645 2044 terrarum,
666 1982 794 2062 regione
817 1983 982 2048 certiorem
1003 1985 1117 2046 fecere.

231 2093 378 2158 Maritus⁴
390 2093 473 2176 pius,
484 2093 608 2156 amicus
622 2092 775 2169 sincerus,
787 2091 935 2156 domiuus
947 2093 1118 2174 benignus,

230 2206 420 2290 pauperibus
445 2225 622 2268 succerrere
635 2205 790 2290 proclivis
815 2216 893 2268 erat.
939 2205 1013 2268 Non
1036 2204 1119 2270 elias

228 2319 328 2382 talem
335 2338 480 2402 unquam
487 2318 593 2382 virum
601 2319 726 2404 aspexit
736 2317 887 2394 muudus,
894 2339 954 2382 neo
965 2337 1117 2400 unquam,

226 2432 261 2496 ui
271 2431 409 2496 multum
421 2431 522 2508 fallor,
534 2433 639 2496 ullum
650 2433 681 2496 ei
692 2431 830 2494 similem
841 2431 979 2515 aspicere
992 2433 1116 2515 poterit.

273 2545 429 2629 Imperare
440 2544 499 2607 sibi
509 2543 617 2630 (quod,
624 2544 840 2626 proculdubio,
849 2545 1015 2628 imperium
1025 2565 1118 2610 max·

227 2658 328 2721 imum
343 2656 417 2740 est)
434 2657 516 2720 adab
531 2659 625 2741 probe
640 2658 785 2735 callebat,
798 2658 888 2734 uain
904 2657 1022 2722 irarum
1038 2668 1118 2723 estu

228 2771 379 2850 maximo,
394 2791 462 2832 sese
479 2791 602 2834 comem
615 2781 646 2832 et
661 2772 821 2834 urbanum
837 2789 961 2856 semper
975 2772 1117 2856 praebue-

207 2885 276 2952 rit.
324 2885 430 2948 Heroa
458 2895 603 2946 nostrum
625 2884 699 2946 viris
721 2884 868 2946 omuibus
890 2884 1019 2966 magnis
1040 2906 1117 2968 quos

227 3005 370 3056 vetustas
395 3013 538 3077 unquam
560 2995 650 3072 vidit,
674 3016 854 3079 comparare
882 3017 945 3058 non
967 3015 1093 3078 possum
1104 3017 1114 3072 ;

259 3138 268 3172 Ι
284 3131 406 3192 Laterum,
419 3135 469 3193 dfe,
480 3132 659 3197 “wonderfully
666 3134 769 3196 capable
778 3133 806 3184 of
816 3133 938 3197 enduriug
944 3133 1007 3182 toil.’'

257 3215 270 3252 t
289 3208 407 3268 Virtrrtcru,
418 3211 468 3269 tra,
479 3208 531 3257 “he
541 3208 658 3274 practised
666 3209 742 3259 virtue
751 3210 800 3258 and
810 3211 933 3272 rectitudo,
941 3216 983 3260 not
992 3209 1050 3273 only
1056 3208 1117 3258 from

226 3299 243 3333 a
252 3283 303 3334 sear
311 3283 385 3334 citha
396 3285 476 3350 Deity,
486 3287 530 3334 but
540 3286 592 3336 also
601 3286 662 3336 from
671 3299 703 3336 au
713 3287 798 3338 inborn
811 3288 864 3338 love
874 3287 902 3346 os
907 3286 1043 3337 reatitude”

258 3369 269 3406 t
288 3363 431 3412 Gonmetudo
450 3365 583 3426 epistolaris,
603 3367 652 3426 dc,
674 3369 727 3415 “au
747 3364 875 3432 epismlary
894 3363 1039 3416 intercourse
1058 3362 1117 3412 wira

226 3438 345 3499 tbo,”&c.

258 3517 394 3578 rum,
415 3520 465 3578 dc,
486 3517 539 3568 “he
558 3535 610 3568 was
629 3536 662 3570 an
681 3519 833 3571 affecdonate
851 3518 970 3579 husband,
990 3533 1006 3566 a
1024 3517 1116 3568 sincera

225 3591 335 3654 t'riend3n
356 3593 395 3642 the
411 3593 527 3658 adjective
541 3599 595 3658 ptus
611 3597 712 3661 implies,
730 3598 798 3648 what
813 3611 852 3646 we
868 3596 965 3659 usually
981 3594 1027 3643 call
1043 3593 1115 3644 attec-

227 3669 324 3731 tiouate,
335 3669 428 3732 dutilul,
439 3670 568 3738 especially
577 3674 683 3724 towards
697 3674 762 3735 God,
772 3691 817 3724 our
833 3679 935 3738 parents,
946 3677 1055 3735 country,
1065 3672 1115 3721 and

226 3745 343 3797 relatives.
375 3745 1114 3816 Irisstrepitustbywhiehturgilinvuuuydesigmteeh'·

226 3823 291 3875 hero.
