2840 4684
308 418 349 480 76
564 434 814 480 wassrneronrr
838 435 926 480 vrrs.

308 582 418 664 pugna
432 579 494 642 hdo
509 579 747 660 insigniverant,
762 577 1024 661 Washingtonius
1042 598 1097 662 pro
1112 597 1185 640 oon-

308 692 398 753 oione
422 690 572 754 laudavit.
618 690 774 753 Virtutem
797 711 906 754 eorum
923 691 1084 775 copiarum
1099 692 1185 773 fugae

307 824 433 887 nuperae
456 802 688 886 composuitet
709 801 824 866 dixisse
845 805 950 880 fertur,
969 803 1098 888 “hujus
1119 823 1185 865 oer-

307 915 434 978 taminis
456 915 588 991 exitum,
611 924 768 997 quantum
794 915 859 978 fieri
883 915 989 1000 possit,
1010 913 1184 978 dummodo

307 1028 444 1110 praefeeti
463 1027 640 1108 militesque
655 1048 709 1111 pro
720 1025 813 1089 virili¹
829 1027 981 1104 nitantur,
997 1035 1185 1108 argumento

307 1161 374 1202 esse
387 1139 416 1202 θ’
438 1149 471 1202 et
484 1138 590 1206 denuo
602 1159 712 1202 omnes
727 1138 918 1216 obsecratus,
932 1159 973 1202 ne
988 1157 1119 1201 oausam
1132 1135 1186 1200 de·

308 1271 424 1329 eoram,
440 1253 506 1334 qud
520 1251 735 1324 versabantur,
751 1248 967 1313 dehonestent.

351 1363 463 1439 Howe,
478 1363 644 1445 imperator
655 1361 837 1438 Britannus,
852 1361 1087 1444 Washingtonii
1101 1380 1189 1424 com-

306 1487 431 1537 meatus
446 1477 467 1538 a
482 1473 659 1535 civitatibus
674 1472 740 1534 eois
755 1471 961 1535 intercludere
977 1495 1036 1556 ope
1057 1475 1187 1536 summd

306 1587 473 1646 nitebatur.
520 1582 665 1665 Hujusee
687 1583 730 1645 rei
753 1587 863 1660 causd,
886 1585 1044 1646 exereitus
1066 1585 1186 1666 regius,

306 1715 369 1756 non
384 1692 491 1778 procul
506 1696 528 1758 b
543 1694 710 1756 eomitatu²
724 1694 904 1771 Gestriensi,
915 1695 1140 1778 exponebatur,
1153 1706 1187 1758 st

305 1807 403 1890 paulo
418 1817 496 1890 post,
509 1805 632 1890 propius
643 1806 848 1880 Amerioanas
861 1807 976 1891 copias,
989 1807 1081 1889 quasi
1094 1806 1187 1870 dimi-

306 1917 399 1982 candi
421 1921 531 1996 eausa,
546 1918 703 2003 prooessit.
748 1917 951 1982 Velitationes
974 1937 1084 2002 paueae
1106 1917 1187 1983 inter

305 2042 477 2115 utrumque
491 2031 665 2094 exereitum
687 2030 824 2108 fiebant;
849 2042 884 2093 at
906 2031 1016 2115 copiis⁸
1031 2030 1187 2096 universis

307 2146 475 2226 confligere
496 2144 598 2208 noluit
612 2143 884 2226 Washingtonius,
900 2144 960 2207 nisi
982 2143 1186 2208 commodum

307 2256 435 2337 aliquid,
452 2266 510 2317 aut
522 2255 582 2319 loci
596 2255 810 2338 opportunitas
825 2255 960 2319 daretur.
1007 2254 1186 2320 Consilium

307 2367 511 2430 Americanos
526 2377 595 2448 post
610 2377 736 2447 tergum
751 2365 931 2444 invadendi,
943 2366 1056 2434 crebris
1070 2377 1186 2430 castro-

306 2500 377 2541 rum
391 2477 628 2554 mutationibus,
643 2479 829 2540 frustratum
844 2481 913 2540 est.⁴

350 2590 463 2666 Howe,
471 2590 636 2673 imperator
646 2589 829 2664 Britannus,
841 2609 893 2671 spe
904 2589 994 2672 priori
1006 2588 1185 2667 destitutus,

308 2711 406 2764 totam
421 2701 495 2762 balli
508 2699 636 2782 gerendi
650 2700 802 2763 rationem
812 2711 936 2764 mutere
950 2700 1096 2764 decrevit.
1121 2703 1185 2766 No-

308 2834 392 2889 vam,
406 2811 562 2895 deinceps,
578 2811 766 2888 Caesaream,
779 2812 926 2875 invadere
941 2834 1113 2895 aggressus
1127 2826 1184 2878 est.

309 2925 382 3000 Quo
411 2923 538 2987 consilio
568 2923 704 3006 cognito,
734 2923 879 2988 fluvium⁵
909 2926 1185 3009 septentrionalem

307 3107 363 3156 who
373 3105 487 3171 gellantly
496 3104 535 3156 fell
542 3113 568 3156 et
576 3105 616 3154 the
625 3106 687 3154 head
696 3104 724 3154 os
729 3104 765 3154 his
776 3105 910 3168 command.
932 3107 1028 3156 Tesseru
1036 3121 1116 3156 comes
1125 3105 1185 3158 from

307 3185 348 3234 the
357 3183 440 3234 Greek
449 3182 555 3232 cardinal
564 3182 685 3247 adjective,
696 3181 891 3248 signifyingsaur,
901 3181 960 3232 from
969 3183 1000 3232 its
1011 3185 1092 3249 shape.

339 3269 346 3300 ¹
367 3261 441 3320 Virili,
453 3258 560 3320 (scilicet,
572 3261 656 3322 parta)
668 3259 818 3323 “secording
833 3266 858 3307 to
871 3257 931 3308 their
944 3267 1034 3310 utmost
1046 3261 1149 3327 ability,”
1158 3279 1185 3312 or

307 3353 488 3475 Ροῖθᾶπιϋαὴι,
500 3416 549 3475 de,
563 3413 625 3464 “dre
640 3419 731 3478 county
740 3413 768 3463 os
779 3411 993 3489 west-Chastia?
1008 3413 1069 3465 from
1087 3418 1184 3478 Uesbia,

311 3493 539 3630 zato-mh
548 3567 579 3615 all
588 3567 625 3616 bis
634 3566 709 3616 forces
716 3571 739 3631 ;”
754 3568 785 3616 he
794 3566 900 3616 declined
910 3569 1027 3632 agmerd
1036 3571 1116 3619 aetion.
1154 3559 1155 3562 Ἴ

338 3656 349 3690 r
367 3646 511 3694 Frustreitan
520 3649 560 3705 est,
571 3647 586 3672 “
593 3660 645 3692 was
652 3643 799 3693 frustrated.’'
829 3645 918 3694 Taken
928 3646 1053 3711 passively.

339 3730 351 3766 r
367 3722 479 3782 blesium,
489 3721 528 3770 the
538 3721 616 3771 North
625 3719 697 3770 River
706 3721 839 3788 separatiug
848 3721 864 3772 J
865 3738 933 3788 ersey
940 3723 999 3772 from
1008 3721 1161 3774 Now-Yorle
