2840 4684
490 503 742 550 wrsuruarourr
766 505 853 549 vrri.
1074 485 1115 546 79

232 650 329 713 vexit.
370 649 431 712 His
441 661 533 712 extra
545 648 686 713 hostium
701 659 889 732 potestatem
902 647 1017 733 positis,
1028 647 1116 712 mille

232 761 384 825 ducentos
399 761 544 825 homines
559 761 794 830 Princetoniam
810 761 896 824 misit
910 761 1116 844 Washingto-

231 875 313 952 nius,
328 876 383 957 qui
398 875 540 938 hostibus
554 873 716 937 resistendi
731 874 866 958 speciem
887 874 1070 956 praeberent,
1086 886 1118 935 et

231 988 297 1071 ipse
321 1007 394 1074 cum
418 987 542 1054 duobus
562 986 733 1051 hominum
761 986 910 1063 millibus,
935 987 989 1069 qui
1018 1007 1117 1070 nuper

232 1099 396 1183 conscripti
412 1110 511 1176 erant,
527 1099 786 1181 subsequebatur.

276 1210 467 1294 Priusquam
482 1210 722 1276 Princctoniam
737 1220 878 1297 venerat,
894 1211 1050 1274 nuncium
1066 1231 1118 1274 ac-

232 1323 324 1408 cepit,
342 1330 362 1360 “
373 1322 570 1401 Cornwallis,
585 1324 680 1407 copiis
696 1322 902 1386 auxiliaribus
922 1322 1030 1384 multis
1045 1343 1118 1387 mu-

232 1435 347 1513 nitum,
364 1435 538 1498 Brunsvico
563 1434 692 1498 diversis
716 1434 881 1498 itineribus
905 1435 1065 1518 proficisci,
1087 1446 1121 1516 et
1177 1485 1184 1492 .

232 1549 266 1610 in
281 1548 384 1611 aciem
399 1559 590 1632 postremam
605 1547 761 1632 impetum
777 1550 881 1610 facere
897 1547 1010 1611 velle.’'
1057 1546 1118 1610 Ce-

231 1660 287 1723 leri
311 1671 438 1745 receptu
462 1682 540 1750 opus
555 1660 627 1738 fuit,
648 1670 690 1738 et,
706 1659 757 1723 die
784 1660 970 1724 Decembris
994 1670 1117 1737 octavo,

232 1775 426 1850 Americani,
443 1773 485 1838 ad
500 1794 602 1837 unum
622 1772 808 1850 incolumes,
824 1775 945 1840 flumen
970 1773 1119 1840 Delawa-
1224 1815 1225 1818 =

232 1884 334 1946 riense
349 1885 510 1948 transiere.
557 1883 702 1966 Scaphae
718 1903 827 1945 omnes
850 1884 1120 1966 Washingtonius

233 1993 274 2058 ad
285 1995 384 2078 ripam
397 1995 530 2064 alteram
543 1994 683 2056 fluminis
693 1993 860 2074 deligatas,
871 1997 1029 2078 occupari,
1043 2014 1120 2077 pon-

233 2109 357 2189 tesque¹
372 2106 406 2168 in
421 2106 479 2168 viis
495 2104 538 2168 ad
559 2105 643 2188 ripas
658 2104 830 2167 contrarias
845 2103 1041 2181 ducentibus,
1057 2126 1121 2193 res.

233 2217 328 2296 cindi,
345 2218 513 2303 copiasque
537 2217 578 2280 ad
593 2216 677 2280 vada
694 2216 802 2280 omnia
816 2217 964 2281 constitui
980 2228 1012 2280 et
1027 2217 1120 2282 collo·

232 2333 297 2396 cari
310 2332 415 2416 jussit.

275 2445 366 2510 Adeo
389 2445 500 2507 acriter
523 2443 768 2526 insequebantur
783 2443 902 2520 hostes,
917 2453 954 2507 ut
968 2444 1052 2528 prias
1067 2465 1120 2508 eo·

232 2578 304 2620 rum
327 2558 411 2621 acies
434 2557 548 2640 prima²
562 2557 596 2619 in
617 2565 821 2639 conspectum
836 2555 933 2632 venit,
948 2558 1049 2637 quam
1064 2577 1120 2620 ex-

232 2670 347 2734 ercitus
369 2668 543 2733 recedentis
567 2688 686 2750 agmen
708 2667 916 2730 novissimum
937 2667 1073 2752 scaphas
1088 2679 1121 2730 et

232 2782 363 2865 navigia
386 2780 628 2845 conscendisset.
675 2780 818 2847 Britones
840 2779 980 2843 exercitu
995 2780 1120 2845 Ameri-

233 2916 314 2958 cano
330 2894 369 2957 de
392 2897 477 2957 nova
494 2893 640 2956 Caesarea
663 2892 805 2976 expulso,
822 2892 929 2976 copias
944 2892 986 2955 ad
1000 2893 1121 2957 flumen

234 3005 481 3082 Delawariense,
504 3005 568 3068 h-uc
593 3005 681 3081 illuc,
709 3004 927 3088 disponebant,
950 3015 983 3066 et
1010 3025 1121 3067 eorum

233 3118 387 3201 manipuli
410 3137 519 3181 omnes
534 3118 569 3180 in
583 3128 687 3202 partes
701 3117 833 3202 impunc
855 3118 942 3181 ibant
962 3116 1120 3181 redibant-

233 3251 305 3313 que.
351 3229 395 3294 Ut
409 3229 545 3314 scaphas
561 3240 618 3292 aut
640 3230 771 3312 navigia
789 3231 1056 3305 nanciscerentur,
1072 3229 1120 3292 in-

235 3345 362 3406 cassum
392 3343 594 3407 elaboratum.
648 3343 833 3421 Nonnullos,
865 3343 975 3420 etiam,
999 3352 1119 3426 pontes,

234 3455 288 3539 qui
304 3455 344 3518 ab
356 3456 557 3520 Americanis
571 3456 789 3521 recedentibus
805 3455 900 3522 modo
915 3455 1036 3519 rescissi
1051 3456 1120 3517 fue-

266 3643 275 3678 t
291 3636 425 3697 Paucaque,
437 3637 487 3696 aa,
498 3635 567 3684 “and
583 3637 623 3686 the
637 3637 732 3702 bridgea
742 3652 774 3687 on
789 3637 830 3686 the
845 3635 916 3686 roada
931 3631 1027 3700 leading
1040 3640 1066 3686 to
1080 3633 1120 3688 the

150 3765 152 3771 ,
233 3710 853 3852 ορξοὶῗξζίξῖἓεῗξῂέἶῗέῃῗάΡοηῃεγὶναώι)
