2834 4692
304 501 345 568 86
562 519 814 568 wrsrrrrcarorvrr
839 523 926 570 vrrr..

303 666 386 730 cludi
397 675 534 752 oportere
547 666 636 730 dixit.
670 668 770 750 Cujus
783 669 923 753 preubuv
936 669 1187 754 obtemperavero

303 780 448 858 comitia;
472 791 631 863 tantaeque
647 779 769 842 virtutis
783 783 817 843 in
837 782 1010 866 praemium,
1025 784 1189 846 Gubema-

302 902 352 955 tor
361 893 569 976 virginiensis
579 913 654 955 eum
666 892 762 976 copiis
772 893 916 956 omnibus
928 895 1093 978 provinciae
1105 895 1189 960 illius

303 1007 463 1090 praefecit.

348 1120 443 1183 Anno
457 1119 624 1182 millesimo
640 1118 919 1204 septingentesimo
931 1121 1190 1206 quinquagesimo

304 1243 427 1310 octavo,
442 1231 535 1295 heros
549 1243 655 1295 noster
674 1232 825 1316 juvenilis
840 1217 997 1298 exercitiis
1012 1233 1101 1296 ducis
1116 1235 1191 1298 For·

303 1344 380 1408 besii
394 1356 519 1429 partem
534 1344 689 1420 ductavit,
705 1353 747 1421 et,
762 1346 1000 1429 propugnaculo
1020 1346 1194 1429 Duquesne

304 1457 467 1542 capiendo,
479 1478 547 1520 sese
560 1455 733 1538 insignivit.
773 1455 844 1519 Hoc
854 1456 937 1521 bello
949 1459 1081 1542 feliciter
1093 1468 1193 1542 gesto,

305 1571 449 1633 animum
464 1567 506 1632 ad
520 1569 565 1631 rei
580 1567 725 1631 militaris
739 1567 904 1632 scientiam
918 1569 1064 1634 intendit.
1110 1571 1195 1634 Veli-

305 1682 442 1745 tationes
469 1681 584 1743 crebrre
612 1700 687 1743 cum
713 1680 815 1745 Gallis
846 1680 1003 1766 Indisque,
1017 1681 1104 1746 'locis
1131 1683 1195 1766 syl-

305 1793 458 1857 vestribus
486 1793 569 1856 circa
591 1794 682 1873 fines,
704 1792 907 1877 vigilantiam
931 1792 1196 1880 prudentiamque

306 1905 474 1985 edocuere,
491 1927 705 1990 ausorumque
724 1929 920 1991 magnorum
935 1907 1125 1971 aviditatem
1140 1929 1196 1992 ge·

306 2025 416 2086 nuere.
466 2020 583 2105 Copia,
599 2041 680 2104 quas
701 2021 866 2099 ductabat,
883 2032 993 2085 contra
1016 2021 1124 2087 hostes
1146 2043 1196 2085 as·

305 2135 480 2198 tutissimos
503 2135 670 2217 confligere
685 2121 848 2219 paulatim
860 2147 935 2199 sunt
953 2139 1198 2199 assuefactae.-

307 2246 476 2310 Gallorum
492 2245 679 2328 agilitatem,
695 2246 911 2331 Indorumque
922 2247 1091 2324 feritatem,
1104 2267 1197 2332 supe-

307 2359 391 2422 ravit
420 2358 545 2420 virtute.
599 2357 751 2421 Plurimis
780 2357 893 2440 praeliis
922 2359 1014 2421 victis
1042 2359 1198 2438 hostibus,

304 2457 469 2554 longeque
496 2477 583 2530 trans
608 2469 686 2530 fines
714 2467 868 2532 'colonicoa
898 2468 1043 2532 recedere
1071 2471 1197 2548 coactis,

308 2564 631 2669 propugnaculisque,
656 2602 727 2664 quae
750 2580 931 2645 secundum
955 2581 1091 2644 fluvium
1115 2581 1199 2646 Ohio

310 2705 445 2784 ceperat,
468 2693 620 2779 praesidio,
643 2679 728 2777 quob
755 2691 833 2757 satis
855 2693 1032 2772 videbatur,
1056 2695 1199 2773 munitis,

310 2807 480 2874 Forbesius
500 2808 668 2893 imperator
683 2806 863 2870 exercitum
883 2807 917 2870 in
932 2807 1139 2872 hibernacula
1152 2828 1200 2873 re·

312 2915 415 2985 duxit.
522 2909 525 2919 ’
1050 2905 1052 2915 ¹

356 3033 417 3099 Per
433 3035 493 3098 hoc
508 3034 630 3098 bellum
645 3033 864 3112 decretorium,
882 3034 968 3118 quod
990 3035 1118 3098 coloniis
1133 3055 1200 3098 me·

313 3149 372 3213 diis
399 3145 623 3230 tranquillitati
652 3125 813 3230 salutique
839 3148 911 3226 fuit,
936 3147 1202 3231 Washingtonius

313 3264 434 3328 multas
453 3261 654 3324 difficultates
677 3281 839 3346 perpessus
854 3271 902 3323 est
921 3262 1035 3343 quibua
1050 3261 1203 3326 valetudo

314 3375 575 3446 imminuebatur.
629 3374 827 3438 Pulmonum
857 3373 974 3450 morbo,
1006 3375 1202 3459 corporisque

316 3487 476 3553 debilitate
500 3497 670 3571 correptus,
694 3486 807 3549 munia
832 3485 981 3549 militaria
1008 3488 1089 3551 obire
1113 3485 1203 3552 haud

317 3613 447 3685 poterat,
463 3603 621 3684 quocirca,
635 3600 769 3663 ineunte
782 3619 853 3662 vere
868 3599 945 3663 anni
959 3599 1118 3664 millesimi
1133 3619 1203 3682 sep-

319 3715 535 3798 tingentesimi
551 3712 809 3798 quinquagesimi
824 3715 908 3791 noni,
924 3713 1052 3797 imperio
1068 3735 1100 3776 se
1117 3711 1203 3774 abdi-

322 3829 415 3902 cavit,
430 3828 690 3910 Vernoniumque
708 3826 749 3890 ad
769 3838 911 3891 montem
933 3827 1071 3890 secessit.
1116 3823 1205 3906 Erga
