2824 4670
488 497 739 542 ιιιιιιιιιιιιοιιιι
762 497 850 542 ιιιι.
1051 477 1108 542 l'll

227 661 376 710 aerenum
390 643 617 726 fore-putabat.
663 643 830 720 Quemvis,
846 652 967 718 autem,
982 661 1016 704 re
1028 643 1052 706 a
1064 661 1113 705 re-

227 757 356 840 publiea
369 767 402 818 et
417 755 510 819 undis
525 757 668 820 civilibus
678 756 786 840 procul
797 775 941 819 amovere
953 755 1112 839 cupiebat,

227 869 372 952 patriam,
388 865 605 948 nihilominus,
629 869 708 934 adeo
730 868 962 952 diligebatur,
985 888 1058 946 epm
1080 869 1113 932 in

227 1001 291 1057 ore,
312 981 623 1064 incogitationibus
643 983 677 1044 in
700 981 791 1045 eorde
813 1001 934 1066 semper
955 981 1111 1047 habuerit.

228 1093 364 1170 (ὶιιὴιιι,ι
379 1094 517 1178 insuper,
532 1094 667 1158 classem
682 1094 841 1158 Gallicam
853 1095 1003 1158 militibus
1017 1115 1114 1158 onus·

228 1217 307 1284 tam,
320 1207 361 1270 ad
373 1229 441 1271 orae
454 1208 663 1270 Americanas
675 1208 761 1272 brevi
772 1207 989 1292 appulruram,
1003 1229 1113 1274 omues

228 1317 401 1396 crederent,
417 1319 643 1382 foederatarum
665 1321 826 1404 copiarum
849 1319 1113 1384 Americanarum

227 1430 510 1514 Washingtonium
533 1433 754 1517 imperatorem
776 1453 843 1496 esse
865 1443 1016 1517 oportere,
1037 1453 1113 1496 voce

228 1547 298 1610 und
313 1545 550 1610 conclamatum
566 1557 623 1610 est.

271 1657 628 1742 EtsiWashingtonius,
635 1660 704 1742 jam
715 1681 824 1737 senex,
831 1659 932 1723 otium
943 1660 1112 1744 privatum,

225 1789 288 1854 pra
310 1772 467 1849 omnibus,
490 1772 669 1848 adamavit,
690 1772 820 1849 hostes?
837 1784 957 1849 tamen,
978 1773 1113 1857 patriam

226 1881 447 1948 charissimam
457 1883 616 1960 invadere,
630 1885 708 1944 ferre
721 1882 809 1946 haud
821 1883 930 1966 potuit,
958 1883 1114 1958 Quocirca

227 1992 421 2076 imperatoris
436 1995 585 2072 officium,
599 1993 740 2069 tandem,
751 1993 875 2056 invitus
888 1995 1022 2076 acecpit.
1056 1993 1114 2056 Di·

225 2103 335 2190 pluma
356 2105 506 2189 speciale⁸
528 2107 551 2169 a
573 2104 703 2189 preside
725 2114 757 2165 et
774 2103 954 2186 Congressu
976 2103 1017 2166 ad
1038 2123 1115 2168 eum

226 2211 381 2295 missum
405 2238 466 2299 quo
481 2217 515 2280 in
531 2217 712 2302 diplomate,
724 2216 753 2282 ei
765 2211 967 2300 preceptum,
978 2227 1016 2279 ut
1027 2215 1114 2282 vide·

226 2340 283 2408 ret,
294 2351 334 2394 ne
345 2330 422 2414 quid
434 2330 515 2392 mali·
523 2342 580 2394 aut
591 2330 770 2398 detrimenti
780 2329 910 2395 libertas
920 2328 1114 2394 Americana

225 2454 361 2528 caperet.
386 2443 460 2508 Post
472 2444 534 2508 hoc
546 2443 686 2529 diploma
698 2453 875 2526 acceptum,
887 2443 1114 2524 agrorumcul·

226 2557 285 2634 tui,
306 2557 481 2618 amicorum
503 2557 647 2640 negotiis,
669 2567 701 2618 et
723 2555 842 2620 muniis
864 2555 964 2632 novis,
987 2566 1113 2640 tempus

224 2669 388 2752 aequaliter
399 2669 566 2734 distribuit.
600 2670 636 2732 ln
649 2668 802 2751 prefectis
814 2667 934 2730 idoneis
946 2667 1110 2750 eligendis,

225 2783 394 2866 armisque⁴
411 2783 586 2865 exercitum
601 2779 794 2856 instruendo,
810 2780 956 2863 temporie
974 2781 1114 2846 multum

257 2988 266 3022 ι
284 2981 370 3039 Qubus,
383 2982 433 3040 ba,
450 2981 598 3038 “moresver,
609 2976 679 3024 when
697 2975 728 3022 all
744 2972 850 3026 believed
861 2976 912 3025 that
922 2993 937 3025 a
947 2977 1041 3026 Freneh
1050 2978 1112 3040 fleca

225 3055 298 3106 leden
309 3055 367 3104 with
377 3053 483 3114 soldius,
494 3044 573 3102 would
590 3051 679 3116 shortly
689 3051 747 3100 land
763 3065 795 3106 on
810 3051 850 3102 tbe
867 3051 995 3102 American
1010 3051 1114 3115 constit

224 3147 279 3181 was
295 3131 439 3196 proelaimed
449 3129 528 3191 aloud,
538 3129 596 3178 with
605 3143 652 3178 nne
663 3128 738 3190 voice,
751 3129 944 3194 (unanimomly)
959 3130 1011 3179 lbet
1019 3131 1112 3179 Warth-

226 3209 310 3272 ington
320 3208 395 3271 ought
402 3214 428 3256 to
437 3208 467 3255 be
476 3205 518 3256 the
528 3205 683 3255 commender
693 3205 814 3270 (in-chief)
826 3206 900 3256 osae
909 3205 992 3256 united
997 3207 1075 3256 forces
1083 3206 1114 3258 ot

225 3283 362 3336 amcam„

257 3363 375 3421 triaue,
387 3364 437 3422 aa,
448 3360 565 3426 “beyea
576 3360 646 3410 curld
660 3367 702 3410 not
711 3359 801 3410 endure
802 3360 1017 3426 natrneenany
1026 3359 1112 3410 should

224 3437 314 3492 incede
328 3438 365 3486 bis
382 3445 445 3488 most
461 3437 518 3490 dcar
533 3441 663 3502 cornay?
679 3455 712 3486 ιιι
726 3445 806 3500 event,
816 3437 896 3488 which
903 3453 964 3499 was,
975 3439 1049 3487 about
1064 3439 1112 3488 this

225 3516 292 3576 time,
303 3514 468 3580 appmbended
479 3513 511 3579 by
521 3529 601 3580 many,
612 3515 671 3564 from
679 3517 720 3566 the
729 3515 838 3580 baugbty
848 3514 897 3564 end
913 3515 1041 3579 meneeiug
1056 3516 1111 3566 etti·

226 3592 284 3644 lude
294 3592 407 3642 mumed
417 3594 450 3657 by
459 3591 500 3640 the
509 3591 604 3642 Freuch
614 3592 743 3657 Directory.

257 3677 269 3714 a
285 3671 393 3731 Dr'plmna
408 3670 546 3731 ιιιιιίιὶι,ιι
552 3686 568 3718 ιι
583 3670 671 3734 special
691 3669 867 3758 commissien‚”
886 3667 1044 3734 consatuang
1059 3624 1111 3722 him

223 3746 464 3810 deomant-general
474 3745 502 3798 os
506 3746 546 3794 the
555 3736 684 3796 American
694 3746 789 3798 arudes.

255 3834 269 3872 ι
285 3826 415 3887 amesque,
426 3827 475 3887 aa,
487 3822 555 3873 “aad
563 3823 614 3888 lin)
625 3823 759 3889 funuffiog
767 3825 808 3874 tha
818 3837 886 3888 army
893 3821 951 3872 with
959 3827 1047 3876 une-'¹
