2824 4670
468 435 719 481 wrsunrcronrr
743 436 831 481 vrrs.
1028 418 1092 482 als

208 599 293 646 meos
307 581 421 666 primos
433 580 674 665 reprehensuros
691 581 823 646 minime
837 579 966 644 dubito:
983 581 1091 663 siquis,

208 706 327 772 autem,
343 697 418 759 vere
443 693 563 772 doctus,
584 704 616 756 et
640 694 679 757 de
703 693 800 757 literis
825 689 982 758 Romanis
1008 694 1091 758 bene

207 805 348 886 meritus,
365 808 478 892 scripta
500 788 575 872 mea
589 807 720 870 laudare
736 807 894 890 dignetur,
910 823 1008 891 operae
1023 827 1093 892 pre·

206 920 289 984 tium
303 941 355 984 me
371 932 506 985 nactum
522 943 590 985 esse
605 922 734 1006 putabo.

252 1032 445 1097 Civitatum¹
459 1034 687 1098 foederatarum
702 1035 966 1099 Americanarum
986 1031 1092 1097 litera-

207 1155 313 1209 turam
340 1148 374 1210 in
401 1147 506 1232 majus
533 1169 713 1232 promovere
742 1148 891 1211 conabar.
937 1147 1093 1211 Juvenes²

205 1271 361 1324 nostrates
373 1261 431 1324 viri
452 1261 587 1324 maximi
600 1282 698 1344 quern
716 1271 799 1324 terra
816 1280 962 1343 unquam
977 1259 1093 1323 extulit

205 1373 307 1437 vitam
322 1373 422 1438 latine
437 1385 605 1437 exaratam
624 1371 784 1459 perlegere
798 1373 896 1438 volui.
943 1373 1040 1448 Quod
1054 1374 1091 1450 si,

206 1484 247 1549 de
271 1487 429 1550 laboribus
444 1488 557 1550 nostris
571 1489 654 1551 hona
669 1487 801 1552 fecerint
823 1486 937 1578 eruditi
959 1486 1092 1571 judicia,

206 1620 333 1664 summo
347 1622 404 1664 nos
419 1600 536 1664 honore
551 1601 678 1665 affectos
698 1601 960 1664 existimabimus.

251 1714 379 1792 Gratia,
403 1714 540 1798 insuper,
560 1715 719 1791 maxima,
733 1714 763 1778 J.
780 1713 821 1778 N.
838 1711 1011 1796 Reynolds,
1027 1709 1093 1773 exi-

205 1826 277 1888 miae
291 1827 358 1908 spei
371 1826 573 1902 adolescenti,
584 1804 698 1889 meritc
712 1836 744 1888 et
755 1827 825 1909 jure
839 1825 994 1889 debentur
1006 1847 1014 1902 ;
1037 1823 1093 1907 qui

207 1935 329 2021 primus
345 1935 386 1998 ad
397 1936 636 2018 Washingtonii
649 1937 748 2000 vitam
763 1936 881 2001 Latine
896 1936 1093 1998 scribendam

206 2068 264 2111 nos
279 2047 427 2132 impulit:
451 2068 510 2110 nec
525 2068 583 2110 nos
598 2048 715 2112 hortari
730 2047 860 2126 destitit,
875 2067 979 2130 usque
1003 2047 1092 2125 dum,

207 2180 299 2244 opere
321 2158 451 2223 tandem
472 2161 617 2243 perfecto,
634 2171 795 2226 auctorem
818 2160 1005 2222 muneribus
1024 2179 1093 2222 am·

206 2272 354 2357 plissimis
369 2282 554 2356 prosecutus
568 2273 618 2358 sit.
713 2352 715 2358 s

238 2469 247 2504 1
267 2463 397 2525 OEoitduru
410 2466 461 2524 tan,
471 2462 505 2512 “I
521 2461 670 2512 endeavored
685 2469 710 2512 to
720 2462 828 2511 advsnce
837 2462 878 2511 the
887 2461 1007 2512 literature
1016 2461 1045 2512 ot'
1055 2462 1095 2511 the

98 2536 105 2551 ‘
206 2538 297 2590 United
312 2541 392 2589 States
402 2539 431 2590 of
441 2539 563 2601 Ameriae,
573 2541 607 2604 by
616 2539 778 2604 impartingto
787 2539 862 2604 youth
876 2546 962 2589 ateste
976 2539 1013 2589 t'or
1026 2538 1094 2588 read·

207 2616 250 2682 ing
259 2617 300 2666 the
309 2617 348 2667 life
357 2616 386 2668 os
396 2632 412 2665 a
421 2624 489 2682 great
498 2633 563 2677 man,
574 2616 669 2665 written
679 2615 704 2665 in
714 2633 730 2664 a
738 2615 829 2681 foreign
838 2615 981 2682 language‘’

238 2702 250 2738 a
264 2695 371 2756 Jooenes,
381 2697 431 2756 tc,
442 2693 473 2743 “I
485 2693 576 2742 wished
592 2694 645 2742 that
659 2693 699 2742 the
712 2693 787 2758 youth
801 2693 830 2742 of
835 2709 884 2756 ,our
897 2701 998 2759 country
1008 2693 1095 2744 should

208 2771 264 2822 read
279 2787 294 2820 a
308 2771 355 2833 life,
366 2770 459 2821 written
474 2770 499 2820 in
508 2770 590 2832 Latin,
601 2769 629 2820 of
639 2770 680 2820 the
690 2777 795 2835 greatest
809 2787 867 2820 man
877 2770 958 2820 which
971 2772 1012 2821 the
1027 2771 1095 2822 earth

133 2895 139 2906 ,
208 2864 264 2898 aver
279 2847 421 2912 producam
452 2849 582 2910 Nostrates,
593 2862 675 2898 comes
684 2846 745 2897 from
760 2848 801 2898 the
807 2849 893 2912 patr-td
902 2864 929 2899 or
940 2851 1025 2914 gmttte
1040 2865 1094 2915 pro·

209 2941 275 2976 noun
284 2931 382 2976 metros.

590 3273 690 3327 FINIS.
