2840 4684
294 468 337 534 88
550 461 799 534 wsssrnororur
823 483 909 532 vrri.

294 633 421 715 suisque
435 632 469 696 in
483 632 622 696 tentoriis
636 631 920 715 contubcmiisque¹
935 630 1024 694 clade
1047 629 1169 714 ingenti

295 745 428 822 afficere,
455 744 601 808 miraculi
625 743 818 827 portentique
844 744 954 808 instar¹
981 754 1057 821 erat,
1084 765 1170 808 sum-

295 876 444 941 mamque
464 857 608 920 letitiam
629 877 683 941 per
704 855 840 920 colonias
862 876 973 920 omnes
996 859 1015 920 ὲ
1038 857 1171 940 vestigio

295 971 457 1034 excitavit.

340 1081 529 1168 Imperatori,
545 1080 599 1164 qui
615 1089 682 1143 tam
696 1079 861 1162 insigniter
874 1100 991 1144 nornen
1009 1081 1171 1144 America-

296 1215 376 1260 num
386 1195 500 1258 virtute
512 1192 679 1270 extulerat,
686 1211 866 1255 succurrere
873 1203 905 1255 at
912 1192 1058 1277 opitulari
1066 1193 1172 1256 cuncti

296 1307 439 1372 certatim
454 1305 670 1390 properabant.
701 1304 830 1367 Strenui
842 1306 1011 1387 gnavique,
1025 1305 1079 1387 qui
1092 1304 1173 1368 mili-

295 1419 375 1482 tiam
397 1426 573 1493 evocarent,
591 1416 623 1478 in
646 1427 748 1498 partes
770 1434 879 1478 omnes
902 1417 1009 1479 statim
1031 1416 1171 1490 dimissi:

295 1531 461 1613 multique,
476 1528 529 1611 qui
551 1527 619 1612 jam
643 1525 796 1610 stipendia
816 1529 880 1589 fere
901 1528 1022 1590 emeriti
1037 1530 1173 1604 merant,

296 1642 417 1724 exigua
433 1640 580 1704 conducti
595 1638 749 1716 mercede,
764 1638 851 1724 apud
866 1639 1041 1703 exercitum
1055 1639 1174 1704 diutids

296 1773 435 1829 manere,
459 1763 492 1814 et
513 1772 565 1835 pro
587 1752 689 1836 patria
712 1749 886 1834 pugnando
908 1750 1041 1814 vulnera
1059 1752 1176 1824 martia

296 1866 373 1949 pati,
387 1864 637 1948 haudquaquam
652 1863 864 1946 ambigebant.

342 1978 482 2063 Captivis
504 1979 537 2040 in
560 1975 736 2041 custodiam
758 1975 889 2053 traditis,
913 1975 1176 2060 Washingtonius

296 2090 402 2156 denuo
426 2092 546 2156 fluenta
570 2089 734 2153 Delawere
748 2088 880 2172 trajecit,
895 2087 1176 2173 Trentoniamque,

297 2204 508 2287 municipium
530 2203 564 2265 in
585 2202 677 2266 Nova
701 2201 848 2264 Cesarea
869 2202 975 2278 situm,
997 2203 1173 2284 occupavit

297 2313 465 2407 Enercitds
476 2312 649 2377 Britannici
664 2312 820 2395 manipuli
831 2312 959 2395 plurimi
970 2313 1176 2377 Princetoniae

298 2427 487 2502 convenere,
503 2424 557 2486 ubi
581 2442 707 2504 agmen,
722 2421 805 2504 quod
820 2422 993 2486 Brunsvico
1007 2424 1066 2486 iter
1080 2424 1176 2490 modo

298 2539 425 2614 fecerat,
450 2534 545 2599 duce⁸
567 2533 682 2597 comite
708 2532 901 2610 cornuallia,
926 2555 994 2598 sese
1019 2554 1094 2598 cum
1119 2537 1176 2598 eis*

298 2648 473 2732 conjunxit.
530 2648 700 2732 Imperator
726 2646 808 2723 iste,⁶
837 2645 1042 2710 Trentoniam
1068 2667 1177 2712 versus

299 2761 357 2823 iter
370 2761 473 2822 facere
495 2760 599 2844 coepit,
613 2759 891 2841 Americanosquc‚
908 2758 958 2822 die
972 2757 1115 2823 lanuarii
1129 2781 1177 2822 se·

299 2871 413 2950 cundo,
424 2872 520 2957 paulo
531 2882 600 2956 post
611 2870 782 2948 meridiem,
790 2891 874 2936 anno
885 2871 1001 2935 Christi
1011 2872 1179 2935 millesimo

299 2985 575 3069 septingentesimo
582 2984 1178 3070 septuagesim0,iortissimbaggressus

331 3167 340 3204 1
360 3162 526 3223 contuberniis,
536 3157 661 3210 “soldiers’
671 3163 809 3225 quarters;”
824 3159 850 3209 in
860 3159 939 3210 which
954 3176 1024 3210 sense
1039 3160 1058 3210 it
1073 3159 1094 3209 is
1105 3161 1179 3210 tehen

300 3238 333 3304 by
342 3238 433 3300 Caesar,
444 3239 580 3301 “Depositis
589 3240 616 3286 io
625 3239 769 3287 contubernio
779 3239 857 3299 armis,
867 3237 951 3286 nodam
959 3238 1137 3301 rdiapuebmrt.”

331 3324 343 3360 2
357 3318 442 3377 lactor,
453 3314 544 3376 “like'’
554 3331 581 3364 or
590 3317 606 3344 “
613 3330 640 3363 es
649 3315 715 3378 large
725 3319 775 3364 as.”
794 3314 856 3362 This
863 3313 937 3375 word,
945 3313 1096 3380 erronsously
1103 3313 1179 3363 called

301 3392 334 3458 by
344 3409 409 3442 some
424 3407 456 3440 an
473 3392 560 3452 adrem,
569 3391 598 3452 is,
608 3389 633 3441 in
649 3391 738 3456 reality,
753 3406 769 3439 a
783 3405 847 3439 norro
862 3392 999 3440 ndrtoatioe
1014 3390 1179 3450 indeclinable,

301 3469 349 3520 and
358 3469 380 3518 is
390 3469 481 3534 always
490 3466 564 3518 found
579 3467 605 3517 in
614 3468 653 3517 the
662 3470 787 3518 memmiae
797 3482 855 3530 cose,
865 3467 905 3517 the
917 3470 1055 3532 preposittoo
1064 3470 1093 3518 cd
1107 3467 1180 3532 being

301 3545 453 3598 understood.

332 3632 344 3667 ³
359 3625 432 3684 Duce,
444 3627 493 3685 ta,
504 3621 581 3671 “Earl
591 3621 732 3672 Corambis
744 3622 872 3686 (existente)
882 3621 954 3687 being
963 3621 1063 3672 lesder.’¹

333 3709 344 3744 r
360 3701 411 3762 Eis,
423 3701 557 3764 (muriprdr'r
566 3702 671 3763 nempe)
683 3699 743 3748 “the
752 3698 938 3749 detechments.”

332 3783 345 3821 ὅ
361 3780 542 3842 imposturata,
554 3777 628 3828 “that
636 3774 811 3838 commandsr,”
823 3775 1048 3840 (recorrentis)
