2834 4692
309 481 357 546 tt
571 499 822 544 ussurnororur
844 500 931 544 vrrs.

314 641 480 726 diligentia
494 643 577 727 operi
586 643 742 720 incubuit,
755 652 801 720 ut,
813 643 996 728 priusquam
1011 627 1193 723 lucesceret,

314 754 1192 840 munimentumvallumquecnstrispenecircumjece'rit.

315 867 410 942 Quod
424 879 462 930 ut
476 867 582 932 videre
597 869 692 952 copiae
706 868 810 950 regiae,
824 867 955 932 assidua
969 879 1194 932 tormentorum

313 981 481 1064 majorum,
508 969 810 1063 omnigenorumque
836 1001 995 1043 armorum
1020 981 1200 1063 ignivomo-1

312 1113 394 1170 rum,
411 1093 654 1177 oppugnatione,
671 1112 765 1177 opera
780 1091 844 1155 solo
864 1085 999 1174 aequare,
1014 1112 1194 1177 propugna-

312 1205 547 1287 torosquevallo
556 1207 704 1286 fossaque
715 1203 867 1288 depellere
878 1205 974 1267 enixe
985 1205 1191 1268 conabantur.

313 1311 436 1394 Coloni,
453 1327 569 1394 tamen,
586 1317 626 1380 ab
641 1335 732 1400 opere
748 1335 813 1378 non
827 1317 1001 1394 cessabant,
1017 1316 1194 1380 meridiem·

311 1449 374 1510 que
395 1429 517 1492 circiter
536 1427 736 1492 munimenta
758 1427 863 1490 omnia
885 1431 1098 1511 perfecerant:
1122 1447 1194 1510 quae

311 1541 575 1605 Americanorum
590 1516 726 1612 audacia
742 1536 841 1602 duces
852 1540 975 1622 Anglos
990 1539 1069 1603 adeo
1084 1540 1193 1603 effera-

311 1653 366 1729 vit,
377 1664 415 1714 ut
425 1652 466 1715 ad
480 1651 568 1714 collis
578 1651 732 1715 Bunlrerii
745 1650 868 1715 radices
878 1651 1021 1736 peditum
1036 1651 1194 1734 legionem

310 1767 527 1848 exponerent.¹

355 1875 460 1960 Copiae
487 1876 581 1959 regiae
607 1879 738 1940 summa
761 1877 877 1948 virtute
904 1876 1018 1939 collem
1045 1877 1193 1942 ascende-

309 1999 384 2052 runt
395 2009 412 2067 p
428 2009 506 2055 cum
520 1997 630 2051 autem
645 1989 907 2052 Americanorum
921 1987 1005 2054 vello
1020 1990 1193 2072 castrisque

308 2101 604 2186 appropinquarent,
634 2112 744 2165 tantus
775 2100 944 2184 glandium
972 2101 1194 2188 plumbearum

307 2213 408 2275 imber
429 2213 463 2275 in
485 2234 537 2277 eos
552 2213 657 2276 subitb
680 2223 728 2275 est
743 2213 872 2291 effusus
888 2225 926 2278 ut
948 2216 1092 2278 torrentis
1106 2216 1194 2293 ritu,²

308 2345 362 2406 per
394 2323 610 2398 semi-boram,
640 2322 776 2385 caderet.
835 2324 946 2387 Oaedes
972 2335 1040 2387 tam
1069 2325 1194 2388 infinita

307 2436 404 2509 facta,
419 2443 457 2495 ut
470 2431 586 2494 milites
600 2432 751 2508 veterani,
766 2453 800 2494 se
816 2443 955 2514 stragem
978 2433 1193 2498 terribiliorem

308 2565 476 2628 nunquam
483 2543 598 2608 vidisse
610 2546 842 2608 confiterentur.
889 2543 967 2606 Dux
979 2545 1092 2622 Howe,
1100 2546 1193 2629 cujus

308 2657 408 2719 virtus
430 2656 492 2720 hac
514 2660 627 2740 pugnb
650 2655 823 2722 clarissime
846 2668 1017 2741 perspecte,
1033 2658 1192 2742 paulisper

308 2767 1192 2854 ierbsoluspermansit,praefcctorummilitumqueparte

308 2880 455 2944 maxima
477 2891 535 2944 aut
556 2882 671 2960 occisb,
688 2892 746 2945 aut
759 2881 936 2946 vunereta.
983 2882 1028 2947 At
1049 2881 1191 2961 tandem,

307 2993 403 3078 copiis
427 2995 605 3059 recentibus
629 2995 882 3072 adventantibus,
908 2987 1095 3059 Americani·
1116 2993 1191 3059 dare

307 3119 398 3191 terga
411 3085 521 3171 coacti.
568 3106 778 3191 Oppidulum,
790 3107 877 3190 quod
887 3106 925 3169 de
939 3107 1083 3170 domibus
1093 3108 1190 3191 copia

307 3220 456 3284 colonicae
466 3221 718 3306 propugnabant,
726 3219 875 3303 qubdque
885 3219 940 3296 eis,
951 3219 1031 3282 inter
1043 3239 1191 3303 pugnan-

306 3331 397 3410 dum,
413 3331 554 3416 perfugio
569 3342 647 3409 erat,
662 3333 829 3395 incensum
842 3330 913 3393 fuit.

339 3560 347 3592 1
364 3552 517 3614 disponerent.
550 3549 643 3612 “They
658 3547 769 3609 iundcd,”
787 3547 826 3608 (de
847 3547 943 3595 acribo
959 3543 1065 3609 seilicet)
1082 3543 1190 3607 literully,

308 3627 386 3692 “they
396 3635 440 3692 put
448 3634 490 3678 out
501 3622 603 3690 (oftbeir
612 3627 709 3688 abipa”)

339 3707 549 3756 rumenam
582 3707 597 3733 “
605 3699 830 3764 ateruefushion,
839 3716 866 3772 or
875 3714 982 3763 manner,
992 3699 1020 3750 of
1026 3693 1189 3756 claud-flood,

310 3785 455 3833 ortorrent.”
873 3809 875 3816 ,
