2834 4692
485 499 736 544 wsrurrrarouu
760 499 848 543 vrrs.
1065 481 1106 546 ‘ll

225 644 314 708 fectis
339 643 589 728 provincialibus,
615 663 777 706 armorum
806 642 1040 725 ignivomarum
1067 641 1110 706 ad

225 775 331 832 usum,
347 756 561 844 exercebatur.
607 756 750 838 Legatus
765 753 954 832 Pitcairnus,
969 754 1025 836 qui
1040 775 1110 820 ma·

224 868 333 951 nipulo
356 849 539 932 Britannico
559 868 693 952 praer'uit,
713 870 835 952 magna
850 861 926 932 voce
949 867 1110 945 clamavit,

225 981 365 1062 “fugite,
380 981 520 1058 rebelles,
535 1001 624 1044 arma
639 979 774 1064 abjicite,
789 981 889 1063 inque
910 982 1025 1063 fugam
1040 1001 1110 1045 vos·

223 1094 372 1177 metipsos
387 1094 549 1178 abripite.”
593 1093 710 1158 Militis
725 1093 905 1178 provinciali
917 1093 1030 1156 iisdem
1040 1115 1110 1158 ves·

224 1203 309 1286 tigiis
319 1205 503 1282 inhoerente,
514 1205 648 1287 locoque
661 1205 772 1269 cedere
782 1204 920 1282 nolente,
932 1205 1111 1270 Pitcaimus

223 1317 337 1380 milites
352 1318 454 1400 regios
468 1317 616 1381 militiam
630 1316 855 1402 provincialem
869 1317 965 1382 armis
986 1318 1111 1400 ignivo-

223 1428 285 1492 mis
298 1439 404 1512 petere
415 1429 520 1514 jussit,
536 1429 651 1512 quibus
666 1429 818 1514 displosis,
831 1427 926 1492 multi
940 1449 982 1492 ex
997 1429 1111 1492 Amer-

222 1541 321 1606 icanis
342 1551 403 1604 aut
424 1543 589 1620 interfecti,
606 1553 664 1606 aut
680 1542 838 1607 vulnerati
860 1552 947 1608 suut.
995 1540 1111 1626 Copias

221 1653 296 1717 rnre
319 1633 531 1720 concordiam
553 1655 659 1734 eunt,
675 1655 731 1719 un
745 1655 821 1719 nen
834 1655 1048 1718 nemmem
1067 1654 1111 1718 tu

221 1767 382 1831 recondita
395 1768 500 1856 deleta
515 1777 601 1830 sunt.
648 1767 765 1832 Militia
780 1767 922 1831 colonica
934 1777 1044 1831 contra
1060 1787 1112 1832 co·

221 1878 290 1961 piae
311 1879 415 1960 regius
440 1879 595 1942 acerrime
620 1877 822 1954 velitabatur‚
847 1881 914 1958 qua
935 1877 1113 1940 ,certatione

221 1987 316 2050 multi
343 1989 493 2070 utrinque
516 1986 620 2050 occisi.
669 1986 785 2068 Copias
807 1987 914 2067 regias
931 1987 1113 2053 Concordia

221 2119 292 2163 sese
306 2098 556 2181 Lexingtoniam
570 2097 764 2180 recipientes,
780 2117 834 2180 per
851 2117 911 2159 sex
926 2097 1112 2162 milliarium

221 2210 373 2296 spatium,
384 2229 504 2293 magno
518 2209 642 2293 impetu
656 2208 904 2290 insequebantur
916 2197 1112 2288 Americani,

221 2325 286 2408 qui,
303 2323 343 2387 da
356 2321 490 2407 lapideis
503 2315 613 2398 muris,
631 2320 705 2398 tuti,
721 2341 777 2387 eas
791 2321 873 2384 mirb
889 2320 1049 2386 celeritate
1064 2322 1113 2386 in-

220 2435 380 2512 cedentes,
394 2434 481 2498 omni
500 2433 637 2496 telorum
654 2443 788 2516 genere,
799 2435 958 2518 petebant.
1006 2434 1113 2520 Copiis

220 2549 313 2632 regiis
323 2547 537 2611 laborantibus
548 2555 690 2608 recentes
703 2545 849 2610 nonnulli
861 2545 1027 2632 manipuli,
1035 2568 1112 2615 cum

220 2662 356 2725 duobus¹
374 2658 538 2725 tormentis
565 2658 762 2741 majoribus,¹
786 2657 1008 2742 chingtonlee
1038 2660 1113 2724 sub-

220 2774 400 2837 veniebant.
712 2845 713 2854 ἵ

264 2887 332 2950 Sub
355 2885 435 2950 Maii
462 2883 578 2947 mensis
602 2877 711 2959 finem,
727 2883 820 2966 regie
845 2883 943 2966 copire
968 2881 1112 2971 plurime

221 2997 406 3062 Bostoniam
429 2994 657 3072 adventabant,
681 2995 795 3073 Howe,
817 2996 998 3077 Burgoyne,
1022 2994 1114 3084 elne

223 3107 382 3188 touioqtie,
405 3105 540 3171 ducibus
563 3107 700 3189 inclytis,
723 3107 963 3192 imperantibus.
1011 3102 1111 3170 Haud

221 3219 320 3300 longe
332 3239 353 3281 a
364 3220 526 3298 Bostonia,
543 3220 641 3298 collis,
654 3221 781 3284 nomina
796 3220 941 3298 Bunker,
955 3220 1036 3284 situs
1051 3229 1109 3298 est,

223 3351 319 3415 quem
349 3331 531 3396 colonorum
560 3332 756 3417 manipulus,
782 3333 873 3398 Junii
907 3331 956 3395 die
987 3313 1110 3396 decimo

222 3453 324 3520 sexto,
346 3445 438 3528 cepit,
461 3465 601 3529 eumque
624 3445 750 3508 munire
771 3445 930 3521 instituit;
954 3446 1110 3540 tantaque

253 3644 263 3677 1
286 3637 414 3685 Tormmtia
429 3639 561 3702 irajarites.
596 3638 635 3704 By
649 3639 717 3690 these
733 3657 773 3690 are
792 3638 895 3704 implied,
913 3640 1068 3699 “cennens”
1082 3653 1109 3689 or

222 3717 310 3778 “dmi
319 3715 404 3777 &md
414 3713 442 3762 ⁰¹⁴
453 3730 502 3779 ⁸1¹5
511 3715 627 3782 capacity,
637 3717 663 3766 in
673 3717 752 3768 which
768 3732 836 3766 sense
852 3715 909 3778 they
919 3713 967 3764 will
984 3716 1013 3766 he
1023 3714 1108 3767 under·

223 3789 291 3841 stood
301 3791 445 3856 throughout
453 3791 493 3842 rne
503 3792 578 3842 work.

628 3877 672 3923 ut
